2934 5102
1663 613 1810 685 110

720 838 883 916 tur,
956 828 1219 921 quique
1292 825 1445 895 ideo
1521 825 1712 895 haud
1781 827 2012 896 minus
2061 852 2272 920 quam
2321 829 2466 922 ipse
2511 838 2714 898 custos

720 954 1113 1022 cautionem
1186 949 1351 1020 dare
1420 950 1684 1019 debent
1735 946 1875 1046 (1).
1977 950 2097 1021 Ab
2163 955 2313 1045 ipso
2361 955 2568 1045 igitur
2618 952 2711 1021 de-

718 1078 1079 1170 linquente
1156 1076 1490 1145 damnum
1569 1077 1942 1145 resarcitur
2021 1076 2110 1145 cf.
2191 1090 2320 1147 art.
2405 1075 2588 1145 1405
2653 1076 2710 1145 C.

718 1202 793 1271 C.
869 1224 1011 1295 quo
1083 1203 1289 1269 etiam
1360 1202 1405 1269 ii
1476 1201 1599 1293 qui
1671 1212 2076 1294 spectantur
2145 1203 2216 1271 in
2289 1208 2429 1271 art0
2499 1200 2546 1270 4
2613 1202 2710 1269 Le·

718 1328 817 1419 gis
888 1350 943 1395 s.
1018 1326 1067 1393 l.
1138 1324 1650 1415 intelliguntur.

861 1450 1067 1541 Regis
1134 1448 1413 1519 decreto
1461 1446 1558 1517 50
1605 1474 1697 1518 m.
1747 1449 1914 1520 Dec.
1961 1452 2120 1519 anni
2171 1447 2365 1521 1859
2414 1453 2709 1521 constitu-

717 1586 869 1645 tum
918 1586 1023 1644 est
1071 1585 1390 1669 tempuS,
1463 1597 1588 1667 per
1635 1574 1827 1667 quod
1875 1574 2446 1669 Hypothecarum
2497 1576 2706 1646 Custos

717 1700 1054 1769 obnoxius
1081 1699 1414 1768 dicendus
1450 1710 1625 1768 esset
1661 1698 1911 1793 culpae
1958 1701 2028 1769 in
2074 1701 2528 1794 exsequendis
2551 1722 2707 1793 prae·

717 1826 933 1917 ceptis
980 1823 1147 1894 Cod.
1187 1823 1329 1893 Civ.
1368 1823 1492 1892 arti
1532 1819 1756 1912 1266,
1806 1848 1986 1917 quae
2023 1836 2296 1894 tantum
2332 1827 2706 1919 respiciunt:

860 1946 939 2017 1Ο
988 1948 1271 2017 Modum
1320 1947 1623 2017 habendi
1670 1951 1954 2040 registra
2006 1947 2117 2043 (de
2163 1949 2663 2041 Boekkoudiny).

858 2070 939 2139 ‘20
990 2071 1404 2142 Omissiones
1472 2084 1544 2141 et
1613 2096 1874 2143 errores
1931 2074 2003 2142 in
2050 2073 2292 2143 dandis
2342 2073 2706 2144 declaratio-

714 2198 921 2267 nibus
969 2208 1039 2265 et
1086 2198 1534 2284 testimoniiS,
1587 2208 1656 2266 et
1713 2260 1724 2271 x
2113 2169 2122 2185 ι
2827 2290 2829 2297 Ι

863 2320 941 2390 5ο
992 2320 1273 2390 Errores
1305 2322 1373 2388 in
1408 2319 1928 2392 inductionibus
1960 2322 2285 2415 perfectis
2321 2322 2437 2418 (de
2469 2320 2704 2393 doorha·
2827 2324 2829 2389 ἶ

590 2446 601 2455 ’
717 2444 966 2543 linyen)
1007 2446 1275 2538 jurium
1322 2444 1994 2538 Hypothecariorum
2049 2444 2177 2541 (2).
2227 2447 2558 2517 Attamen
2601 2457 2702 2514 art.

716 2570 885 2664 legis
920 2597 973 2642 s.
1012 2569 1058 2639 l.
1092 2573 1427 2664 praecipit
1462 2582 1544 2641 ut
1593 2570 1832 2640 eadem
1867 2573 1937 2640 in
1971 2575 2214 2643 ceteris
2250 2574 2489 2643 officiis
2525 2574 2704 2664 hujus

714 2699 1155 2788 magistratus
1193 2695 1678 2784 observentur,
1717 2719 1857 2788 quo
1883 2696 2068 2766 facto
2093 2699 2400 2768 animum
2428 2711 2706 2769 nostrum

716 2820 1011 2890 advertit
1045 2820 1134 2889 ad
1172 2821 1397 2912 legem
1437 2816 1530 2888 21
1582 2843 1676 2888 m.
1717 2820 1906 2889 Junii
1955 2818 2190 2911 1856,
2239 2824 2310 2890 in
2358 2848 2496 2917 qua
2543 2842 2706 2915 prae·

717 2957 915 3038 cepta
956 2947 1133 3013 circa
1173 2944 1492 3014 habenda
1524 2947 1982 3015 instrumenta
2016 2946 2591 3017 documentorum
2611 2967 2706 3013 na-

715 3071 906 3139 vium
954 3066 1650 3164 (Scheeps-bewzjzen)
1684 3068 1788 3139 illi
1830 3071 2290 3163 imponuntur
2312 3125 2332 3161 ,
2377 3095 2598 3166 neque
2627 3081 2707 3136 ta·

715 3218 875 3264 men
909 3195 977 3262 in
1016 3191 1665 3282 deliberationibuS,
1709 3217 1937 3287 neque
1983 3195 2054 3263 in
2100 3194 2270 3286 legis
2319 3198 2531 3289 ipsius
2577 3193 2706 3263 arti-

716 3319 925 3408 culis,
975 3318 1146 3388 haec
1197 3317 1308 3386 lex
1354 3317 1765 3411 applicanda
1805 3342 1951 3390 esse
2000 3319 2306 3410 dicetur,
2362 3322 2451 3390 ad
2501 3339 2705 3391 casum

715 3445 939 3513 malae
974 3440 1357 3531 custodiae,
1408 3465 1626 3535 quare
1661 3442 1983 3537 equidem
2023 3443 2415 3536 judicarem
2463 3445 2706 3517 omnino

714 3569 881 3638 huic
904 3568 1286 3662 quaestioni
1317 3567 1632 3658 negando
1668 3590 1814 3636 esse
1843 3568 2436 3662 respondendum,
2474 3566 2708 3640 accedit

714 3705 1065 3786 praeterea
1092 3745 1112 3782 ,
1161 3690 1353 3784 quod
1424 3693 1496 3760 in
1567 3696 1706 3760 art⁰
1752 3688 1874 3759 1³²⁰
1925 3691 2121 3785 Legis
2179 3717 2234 3762 s,
2282 3680 2350 3763 Ἰ.
2409 3691 2707 3790 speciales

838 3911 927 3988 (1)
1010 3910 1472 3969 Deliberationes
1513 3910 1655 3968 Ord.
1689 3910 1897 3968 Gener.
1932 3911 2005 3969 de
2036 3911 2152 3969 hoc
2183 3911 2306 3968 art0
2339 3915 2378 3968 4
2411 3911 2582 3989 Legis
2613 3930 2651 3966 s.
2678 3905 2710 3962 l.
2823 3891 2825 3908 '

836 4004 925 4082 (2)
1008 4003 1116 4060 cff.
1150 4003 1594 4062 deliberationes
1626 4003 1700 4061 de
1732 4003 1845 4060 hae
1878 4004 2005 4080 lege
2037 4005 2486 4078 constituenda,
2519 4012 2575 4064 et
2605 4001 2709 4079 ejus

711 4099 775 4158 id
808 4097 969 4177 quod
1002 4095 1219 4154 dicitur
1252 4096 1530 4154 Memor-ie
1561 4116 1672 4155 van
1705 4097 2054 4171 toelicktiny.
