2934 5102
1210 625 1306 697 19

221 839 550 927 εὶῐειτίἰε,,
590 825 812 909 officia
880 839 1424 930 praescripsisset
1448 890 1471 927 ‚
1544 836 1668 907 ubi
1716 848 1991 906 tantum
2038 839 2267 931 agitur

221 963 324 1034 de
370 963 885 1056 magistratibus
909 1014 931 1052 ,
1003 964 1125 1055 qui
1173 964 1343 1032 actis
1413 973 1483 1031 et
1540 960 1793 1032 tabulis
1838 973 2061 1032 status
2108 964 2265 1032 civi-

221 1087 316 1157 lis
399 1099 750 1182 praesunt.
882 1087 1166 1156 Summo
1249 1099 1487 1156 autem
1560 1090 1728 1179 jure
1802 1087 2020 1158 additi
2098 1100 2265 1160 sunt

221 1209 630 1306 Graphiarii
703 1211 1072 1282 tribunalis
1134 1234 1260 1305 per
1330 1212 1757 1285 vocabulum
1806 1212 2209 1284 bewaarders
2234 1241 2261 1294 ,-

224 1336 326 1406 ad
406 1359 524 1406 eos
605 1338 786 1406 enim
867 1335 1226 1406 referenda
1303 1359 1449 1406 esse
1517 1337 1857 1406 nonnulla
1924 1338 2213 1430 registra
2239 1391 2261 1426 ‚

225 1473 366 1530 art.
433 1458 531 1529 22
596 1461 672 1531 C.
733 1461 808 1532 G.
867 1461 1118 1547 docet3
1178 1460 1300 1530 sed
1356 1460 1833 1555 qualicunque
1888 1462 2097 1532 modo
2154 1485 2263 1532 res

225 1609 382 1656 sese
455 1585 712 1656 habeat
736 1639 756 1676 ,
829 1598 958 1656 art.
1025 1582 1212 1656 1401
1265 1585 1340 1656 C.
1391 1586 1466 1657 C.
1518 1586 1833 1656 eamdem
1902 1587 2285 1680 sequelam-

224 1709 510 1781 afferret
534 1763 554 1800 ‚
603 1713 659 1780 si
693 1712 852 1782 talis
901 1711 1268 1782 bewaarder
1291 1763 1313 1801 ‚
1363 1735 1448 1781 ex
1496 1710 1911 1803 negligentia
1958 1721 2081 1780 aut
2128 1711 2263 1780 alia

225 1859 476 1906 caussa
501 1888 523 1926 ,
596 1861 704 1907 res
751 1838 824 1906 in
870 1835 1183 1931 deposito
1239 1835 1513 1906 habitas
1558 1834 1741 1905 male
1798 1834 2261 1906 custodiisset.

1060 2082 1451 2108 *OQ—-

905 2263 1389 2322 SECTIO
1474 2265 1643 2323 ΙΙΙ..

359 2542 364 2546 ,
408 2501 490 2542 Du:
527 2499 752 2540 POENIS
769 2525 786 2554 ,
828 2498 990 2541 QUAS
1031 2499 1294 2538 STATUIT
1333 2499 1460 2538 LEX
1503 2501 1572 2540 IN
1612 2501 2062 2543 TABELLIONEM
2078 2529 2097 2557 ,

888 2605 1066 2645 MALE
1105 2604 1608 2645 CUSTODIENTEM.

381 2807 518 2878 Pro
599 2806 796 2875 variis
873 2803 1142 2875 delictis
1168 2857 1188 2895 ‚
1278 2806 1505 2875 variae
1586 2829 1851 2901 poenae
1933 2811 2261 2902 praescri-

226 2934 551 3021 buntur,
623 2941 702 2999 ut
773 2942 1062 3024 apparet
1128 2954 1214 3001 ex
1285 2931 1593 3003 articulis
1665 2933 1738 3004 C.
1810 2933 1887 3005 P.
1960 2945 2031 3005 et
2088 2933 2259 3028 legis

225 3060 395 3127 anni
473 3052 666 3126 1842
743 3055 832 3125 de
909 3080 1105 3126 mun.
1185 3056 1351 3126 Tab.
1485 3056 1757 3129 Delicta
1826 3061 2009 3129 varia
2080 3084 2261 3153 quae

226 3208 270 3252 a
361 3180 758 3253 Tabellione
838 3182 1177 3250 committi
1253 3193 1547 3274 possunt
1570 3236 1591 3271 ,
1672 3206 1814 3253 non
1895 3184 2255 3275 tractab0‚

225 3319 509 3379 tantum
577 3329 658 3377 ea
729 3329 911 3398 quae
979 3317 1297 3400 spectant
1367 3306 1777 3378 custodiam.

270 3502 284 3507 ,
379 3430 536 3501 Art.
619 3426 766 3503 255
843 3429 918 3500 C.
998 3429 1075 3515 Ρτ
1159 3429 1250 3498 al.
1323 3427 1372 3499 2
1461 3433 1868 3523 praescribit
1959 3456 2255 3527 poenam

221 3568 472 3628 contra
539 3577 656 3626 eos
679 3606 701 3644 ,
771 3555 892 3647 qui
961 3555 1090 3647 ipsi
1115 3554 1531 3649 ,depositarii
1584 3568 1739 3627 acta
1762 3608 1785 3647 ,
1856 3559 2143 3651 registra
2184 3570 2256 3629 et

219 3683 414 3753 bona
488 3682 564 3751 in
641 3678 932 3753 archivis
955 3731 977 3769 ,
1059 3679 1306 3751 archiis
1383 3692 1509 3751 aut
1586 3683 2045 3775 receptaculis
2127 3708 2255 3778 pu-

217 3807 432 3879 blicis
509 3804 820 3898 deposita
900 3802 1012 3873 vel
1093 3804 1370 3879 cuidam
1454 3804 1867 3898 depositario
1964 3808 2255 3902 publico

219 3956 310 4003 ex
383 3930 596 4022 hujus
664 3952 951 3999 munere
1023 3927 1276 3998 tradita
1349 3928 1530 3999 clam
1603 3933 1861 4003 amovit
1919 3931 2255 4029 (verduis-

222 4044 412 4147 terd)
485 4054 769 4125 sustulit
839 4053 950 4123 vel
1028 4054 1320 4147 peremit
1397 4052 1795 4153 (vernield).
1864 4104 1964 4113 --
2030 4060 2254 4129 Poena

1654 4206 1768 4275 2*
