2934 5102
1153 616 1250 689 95

184 829 391 921 ipsius
424 829 970 921 ‘consignationis
1022 826 1518 899 custodiendae
1577 828 1866 899 modum
1925 828 2216 899 redeun-

186 951 348 1020 dum
398 954 577 1038 eritz,
628 951 799 1022 haec
850 954 1032 1021 enim
1082 953 1438 1022 constituit
1491 953 1797 1024 officium
1831 952 2024 1047 quod
2073 978 2216 1024 om-

184 1075 385 1145 nibus
458 1077 747 1169 reliquis
818 1076 1061 1147 officiis
1130 1077 1397 1148 aceedit
1424 1131 1443 1166 ‚
1521 1090 1592 1147 et
1641 1078 2214 1172 Hypothecarum

186 1200 465 1271 Custodi
522 1201 814 1295 praebet
874 1224 1083 1270 novas
1141 1225 1415 1271 caussas
1466 1200 1724 1294 quibus
1777 1215 2092 1291 tenetur,
2145 1214 2216 1271 et

61 1332 64 1335 ’
187 1326 269 1395 ad
306 1326 555 1395 damna
594 1326 1056 1414 resarcienda,
1092 1338 1164 1396 et
1200 1326 1288 1395 ad
1326 1350 1580 1419 poenas
1617 1326 1940 1415 luenda8‚
1976 1352 2217 1422 quam-

186 1452 279 1519 vis
330 1453 475 1544 ipsa
526 1451 765 1520 civitas
815 1449 1135 1519 habenda
1188 1462 1292 1519 est
1342 1451 1752 1545 depositaria
1801 1475 2092 1546 persona
2146 1454 2218 1521 in

190 1575 629 1645 commodum
702 1598 1071 1645 commune
1141 1577 1598 1645 instrumenta
1659 1578 1940 1645 maximi
2013 1578 2216 1670 pretii

190 1698 495 1793 deposito
546 1702 852 1793 recipere
876 1754 897 1789 ‚
974 1711 1047 1772 et
1119 1699 1253 1770 hoc
1306 1724 1480 1771 onus
1531 1699 1784 1771 referre
1833 1700 1921 1769 ad
1972 1703 2216 1792 magis·

190 1834 443 1893 tratum
472 1878 491 1912 ‚
546 1827 660 1895 cui
710 1821 999 1919 publice
1047 1849 1087 1895 a
1138 1827 1414 1896 civitate
1462 1825 1704 1896 eadem
1753 1825 1978 1895 officia
2027 1849 2215 1895 man·

192 1946 345 2017 data
396 1962 582 2019 sunt.

1002 2096 1395 2121 *OQ——

876 2252 1361 2311 SECTIO
1443 2254 1528 2311 II.

378 2461 463 2501 DE
503 2462 589 2501 HS
628 2462 797 2505 QUAR
838 2462 998 2501 SUNT
1040 2462 1456 2502 OBSERVANDA
1498 2462 2018 2503 HYPOTHECARUM

766 2569 1031 2609 CUSTODI
1074 2571 1142 2610 IN
1183 2569 1634 2610 CUSTODIENDO.

1127 2739 1287 2838 §1-

323 2921 533 3016 Varia
582 2933 747 2990 sunt
795 2921 1018 3008 officia
1046 2975 1067 3011 ‚
1119 2923 1465 2992 variorum
1514 2945 1597 2990 ex
1651 2932 2013 2994 contractu
2057 2947 2216 2993 con-

199 3044 607 3114 trahentium
660 3056 840 3129 ortaz,
891 3046 1347 3138 praecipuum
1384 3045 1694 3116 officium
1729 3046 1918 3138 quod
1950 3047 2216 3118 incum-

196 3166 289 3238 hit
336 3170 440 3240 illi
488 3171 613 3264 qui
660 3181 940 3258 tenetur
987 3193 1026 3239 e
1076 3181 1441 3240 contractu
1490 3170 1812 3263 depositi,
1853 3183 1955 3240 est
1989 3194 2218 3265 praes-

197 3296 355 3363 tatio
404 3295 659 3388 culpae
736 3291 887 3388 (1),
948 3294 1038 3364 de
1086 3319 1227 3388 qua
1269 3297 1421 3387 jam
1471 3318 1675 3388 saepe
1723 3294 2216 3386 exposuimus3

194 3439 409 3512 neque
457 3419 592 3490 hoc
629 3420 1011 3505 immerit03
1058 3429 1161 3490 est
1210 3419 1391 3488 enim
1443 3417 1575 3488 hoc
1622 3418 2024 3509 primarium
2069 3418 2215 3488 offi-

195 3543 367 3614 cium
444 3543 531 3613 ad
606 3543 799 3638 quod
872 3556 1105 3614 tamen
1150 3542 1363 3636 vulgo
1429 3565 1570 3610 nou
1621 3540 1793 3612 adeo
1843 3541 2218 3613 attendunt

304 3815 393 3893 (1)
439 3814 550 3872 Off.
585 3815 653 3872 L.
694 3819 718 3872 1
758 3817 789 3888 §
823 3815 930 3872 ult.
968 3817 1044 3873 20
1082 3821 1141 3872 et
1170 3813 1240 3871 L.
1275 3816 1351 3870 32
1387 3813 1460 3870 D.
1497 3813 1713 3890 Depo&

302 3906 391 3966 cf.
426 3907 769 3985 Disputatio
795 3907 1051 3984 juridica
1084 3908 1157 3964 de
1192 3907 1326 3964 dolo
1345 3951 1361 3976 ‚
1394 3905 1603 3982 culpa,
1654 3912 1714 3962 et
1746 3924 1886 3964 casu
1918 3915 2221 3982 praestan-

195 3997 261 4056 ‹lo
299 4019 570 4058 Annum
611 4017 900 4058 RonLANs
918 4043 935 4068 ‚
974 3999 1283 4076 Ultrajecti
1324 3998 1494 4060 1676.
1555 3998 1645 4056 Cf.
1678 4017 1739 4056 v.
1773 4017 1966 4058 Assum
1983 4045 2000 4068 ‚
2039 4001 2222 4060 Leid-

195 4089 361 4150 draacl
394 4105 538 4150 voor
570 4093 678 4151 het
709 4092 950 4168 eollegie
984 4111 1127 4150 voor
1158 4092 1265 4150 het
1298 4092 1476 4167 Burg.
1509 4091 1708 4152 Wetb.
1739 4092 1816 4152 ad
1847 4094 1878 4165 §
1913 4093 2049 4151 365.
