2934 5102
1167 631 1263 705 77

197 849 435 941 nicipii
457 901 479 937 ‚
525 849 1031 918 remansissent.
1116 845 1476 915 Praeterea
1525 843 2016 915 consideranda
2067 854 2232 913 sunt

196 984 571 1067 praecepta
646 944 817 1065 legis
888 970 977 1041 de
1050 970 1275 1040 tutela
1347 968 1484 1039 sub
1556 993 1698 1063 qua
1763 981 1928 1041 sunt
1987 971 2234 1061 magis-

198 1108 429 1166 tratus
502 1098 625 1191 qui
700 1099 869 1167 actis
942 1108 1165 1166 status
1237 1094 1453 1166 civilis
1511 1106 1890 1189 praesunt3
1949 1106 2076 1163 art.
2133 1090 2232 1163 28

200 1221 273 1292 C.
351 1221 433 1291 C.
504 1221 911 1316 praescribit
987 1220 1265 1291 officiali
1348 1218 1639 1313 publico
1721 1220 2054 1314 inspicere
2130 1242 2234 1288 re-

200 1347 415 1438 gistra
511 1347 597 1415 ad
698 1346 1007 1415 tribunal
1106 1344 1487 1433 translata,
1568 1344 1734 1414 huic
1815 1345 2026 1437 igitur
2104 1346 2234 1415 crit

191 1474 311 1563 jus
384 1470 847 1565 persequendi
905 1494 1065 1540 eum
1125 1472 1246 1563 qui
1305 1468 1610 1561 neglexit
1670 1469 2052 1540 custodiam
2081 1522 2102 1558 ‚
2163 1480 2234 1539 et

201 1595 599 1690 requirendi
670 1618 964 1690 poenam
1038 1593 1297 1663 delicto
1370 1604 1920 1663 consentaneam.

349 1719 504 1791 Una
624 1718 857 1789 adhuc
977 1719 1289 1812 quaestio
1412 1716 1772 1785 tractanda
1873 1730 2188 1810 superest
2212 1771 2234 1807 ‚

200 1869 375 1914 num
450 1855 557 1913 art
626 1840 723 1910 27
799 1842 875 1913 C.
950 1842 1025 1911 C.
1097 1841 1416 1933 respiciat
1485 1863 1768 1934 quoque
1824 1842 2190 1933 registrum
2215 1894 2236 1930 ,

207 1967 887 2061 bevolkinys-reqister
912 2019 933 2055 ,
1030 1965 1321 2035 dictum.
1450 1966 1785 2058 Tempore
1876 1989 2017 2059 quo
2113 1966 2238 2037 Co-

205 2092 339 2163 dex
421 2092 651 2161 Civilis
729 2093 869 2160 vim
947 2090 1115 2183 legis
1197 2101 1614 2159 consecutus
1697 2102 1841 2179 est,
1924 2090 2236 2161 nondum

207 2216 525 2287 exstabat
596 2216 731 2285 hoc
802 2216 1251 2307 registrorum
1313 2236 1552 2305 genus.
1651 2214 1810 2285 Art.
1871 2213 1968 2283 27
2027 2218 2238 2308 igitur

206 2366 287 2411 ea
358 2352 669 2435 spectare
728 2337 865 2409 dici
926 2340 1167 2433 nequit
1193 2392 1215 2428 ‚
1288 2341 1574 2434 insuper
1642 2340 1983 2411 vocabula
2063 2341 2240 2413 «der

206 2466 515 2560 reyisters
539 2490 597 2554 ‚»
702 2487 919 2557 supra
1004 2467 1153 2557 jam
1250 2466 1604 2534 nominata
1705 2467 1990 2559 registra
2090 2466 2238 2535 sola

206 2603 518 2686 spectare
543 2643 565 2679 ‚
636 2591 695 2658 si
764 2589 897 2658 alia
964 2588 1247 2682 quidem
1316 2589 1726 2676 exstabant,
1793 2590 2236 2660 manifestum

206 2727 331 2786 est.
434 2717 508 2784 Si
562 2713 805 2784 eadem
860 2713 1073 2784 verba
1134 2715 1205 2782 in
1260 2713 1466 2804 Regis
1527 2711 1809 2783 decreto
1878 2726 2235 2808 tamquam

204 2864 447 2911 norma
504 2837 831 2909 omnibus
886 2837 1399 2930 magistratibus
1470 2838 1592 2930 qui
1659 2839 1830 2908 actis
1894 2851 1966 2908 et
2036 2838 2240 2909 tabu-

206 2965 287 3036 lis
334 2977 559 3047 status
608 2964 823 3034 civilis
866 2975 1197 3059 praesunt
1225 3015 1247 3051 ‚
1304 2963 1725 3056 praescripta
1782 2963 2238 3058 legebantur,

205 3115 389 3184 quae
458 3114 649 3160 nunc
719 3091 791 3158 in
832 3094 1001 3172 ‚art‘’
1077 3085 1197 3157 27.
1272 3088 1347 3158 C.
1404 3089 1481 3158 C.
1556 3091 1628 3159 in
1702 3089 1933 3162 Titulo
1990 3092 2082 3162 dc
2129 3117 2238 3162 ac-

206 3218 293 3286 tis
369 3227 593 3286 status
667 3214 883 3284 civilis
929 3225 1247 3303 exstant,
1300 3213 1691 3305 judicarem
1740 3214 1980 3285 eodem
2027 3216 2240 3286 modo

205 3341 575 3433 registrum
672 3340 985 3432 proxime
1072 3337 1339 3408 dictum
1413 3336 1952 3430 comprehendiz,
2048 3363 2240 3410 nunc

205 3488 373 3535 vero
442 3464 653 3534 verba
728 3465 850 3532 arti
942 3459 1039 3530 27
1136 3474 1206 3531 et
1305 3485 1496 3555 seqq.
1593 3464 1665 3531 in
1759 3465 2237 3555 magistratum

203 3592 328 3684 qui
403 3587 757 3681 negligens
828 3598 933 3658 est
1004 3587 1076 3655 in
1150 3585 1606 3657 custodiendo
1661 3588 1950 3678 registro
1999 3611 2244 3658 nume-

202 3715 487 3784 rationis
567 3710 812 3805 populi
885 3710 1296 3804 applicanda
1392 3733 1539 3780 esse
1564 3764 1586 3800 ‚
1641 3734 1822 3780 -non
1894 3711 2239 3785 videntur.

201 3837 511 3908 Articuli
610 3837 819 3928 Regis
917 3834 1177 3906 decreti
1249 3858 1391 3928 quo
1462 3858 1670 3904 curae
1739 3848 1810 3905 et
1885 3838 2240 3909 custodiae

201 3966 649 4059 magistratus
719 3963 840 4056 qui
916 3973 1050 4031 act.
1124 3974 1195 4030 et
1270 3961 1413 4030 tab.
1481 3972 1704 4030 status
1780 3962 1995 4033 civilis
2044 3987 2236 4057 prac-

204 4103 311 4162 est
410 4087 783 4160 mandatur
878 4087 1247 4180 registrum
1346 4088 1840 4158 numerationis
1941 4088 2236 4182 populi,
