2934 5102
1679 649 1777 723 82

714 876 787 936 et
842 886 1099 957 poenas
1156 862 1438 949 subire3
1485 886 1644 956 pars
1689 863 1878 957 prior
1923 860 2138 952 hujus
2185 861 2537 932 doctrinae
2581 884 2712 931 con-

717 990 978 1059 tinetur
1050 988 1175 1057 arti
1234 985 1332 1056 27
1404 988 1480 1058 C.
1556 986 1630 1057 C.
1705 986 1810 1057 his
1881 984 2154 1056 verbis:

866 1140 898 1182 «
927 1112 1030 1183 De
1104 1112 1552 1182 ambtenarcn
1623 1108 1755 1179 van
1826 1111 1962 1181 den
2036 1110 2488 1204 Burgclijken
2532 1108 2710 1180 Stand

720 1244 915 1331 «zijn
997 1235 1506 1329 aansprakelijk
1587 1259 1753 1305 voor
1831 1236 1952 1306 het
2032 1238 2238 1329 rigtig
2311 1236 2588 1307 houden
2647 1256 2713 1303 en

720 1389 752 1431 «
782 1362 1105 1431 bewarcn
1175 1361 1301 1430 der
1369 1362 1750 1452 registers.»

863 1485 996 1555 Hic
1067 1485 1401 1555 articulus
1462 1484 1728 1555 civibus
1778 1486 1975 1579 quasi
2023 1486 2291 1578 pignori
2342 1498 2446 1555 est
2495 1484 2578 1555 de
2619 1482 2714 1552 bo-

715 1636 803 1680 na
878 1610 1189 1681 custodia
1263 1622 1602 1681 actorum.
1723 1611 1877 1680 Non
1925 1609 2152 1679 solum
2201 1609 2454 1680 delicta
2507 1634 2584 1681 ex
2623 1631 2716 1677 ne·

717 1735 1042 1829 gligentia
1118 1748 1265 1805 orta
1289 1787 1310 1824 ,
1381 1734 1504 1805 sed
1579 1736 1787 1805 ctiam
1835 1758 1914 1803 ea
1961 1758 2140 1828 quae
2197 1758 2280 1803 ex
2337 1735 2525 1805 malo
2583 1754 2718 1827 pro-

716 1863 941 1956 posito
1011 1870 1547 1954 perpetrantur,
1596 1869 1899 1952 praestat
1946 1860 2388 1949 magistratus
2461 1860 2578 1953 qui
2633 1880 2717 1925 ac-

715 1988 803 2057 tis
876 1998 946 2054 et
1018 1984 1275 2054 tabulis
1346 1996 1572 2055 status
1641 1983 1856 2053 civilis
1937 1987 2211 2077 praeest
2235 2038 2256 2074 ,
2331 1987 2534 2077 cujus
2600 1978 2720 2051 cul·

715 2133 805 2203 pa
876 2121 1040 2179 sunt
1110 2112 1514 2195 commissa3
1588 2110 1644 2179 si
1713 2108 1952 2201 plures
2011 2100 2174 2179 sunt
2243 2111 2315 2178 in
2387 2110 2563 2179 urbe
2603 2127 2718 2174 ma·

718 2235 1046 2325 gistratus
1133 2233 1237 2303 his
1321 2234 1560 2303 officiis
1641 2232 1864 2303 functi
1889 2286 1910 2322 ,
2003 2234 2181 2303 alter
2261 2258 2400 2303 non
2479 2242 2722 2303 tenetur

716 2360 787 2426 in
862 2357 1164 2427 solidum
1238 2357 1325 2426 ad
1398 2358 1651 2427 damna
1743 2358 2176 2428 resarcienda
2245 2382 2331 2428 ex
2401 2357 2720 2451 negligen-

720 2484 817 2553 tia
888 2494 1011 2553 aut
1080 2480 1265 2551 malo
1334 2483 1692 2577 proposito
1765 2482 2048 2553 alterius
2095 2480 2330 2578 ‘allata
2358 2537 2379 2574 ,
2457 2483 2546 2555 cf.
2615 2490 2720 2549 art.

720 2605 915 2678 1518
992 2607 1067 2678 C.
1142 2607 1267 2694 C.:,
1338 2610 1542 2677 unice
1623 2607 1712 2677 ab
1793 2631 1874 2678 co
1953 2610 2076 2703 qui
2149 2609 2528 2704 deliquerit
2591 2628 2722 2700 poe-

720 2757 811 2802 na
882 2746 1005 2803 aut
1076 2733 1425 2802 resarcitio
1495 2731 1794 2826 petenda
1867 2745 1991 2802 est.
2091 2732 2266 2802 Fieri
2335 2744 2570 2802 tamen
2629 2751 2725 2822 po·

726 2870 861 2928 test
932 2869 1013 2926 ut
1085 2859 1433 2927 resarcitio
1505 2856 1738 2926 damni
1806 2858 2106 2950 petenda
2153 2860 2268 2928 'sit
2337 2857 2430 2928 ab
2506 2883 2584 2930 eo
2624 2853 2724 2948 qui

725 3005 864 3051 non
936 2983 1083 3080 ipse
1163 2980 1461 3074 deliquit
1487 3035 1506 3071 ,
1555 3005 1806 3075 nempe
1877 2983 1931 3051 si
2000 3005 2292 3076 persona
2339 3007 2486 3076 qua
2531 2983 2730 3051 utitur

729 3107 1169 3198 magistratus
1249 3107 1373 3200 qui
1449 3109 1722 3199 praeest
1801 3109 1971 3177 actis
2049 3119 2120 3177 et
2203 3107 2465 3186 tabulis
2535 3117 2728 3177 status

730 3230 946 3300 civilis
1025 3231 1249 3302 scriba
1276 3283 1295 3320 ‚
1371 3231 1784 3323 negligentia
1855 3255 1980 3301 sua
2055 3229 2388 3301 damnum
2486 3230 2727 3314 effecit,

730 3352 819 3426 c‘f.
896 3366 1025 3426 art.
1097 3352 1290 3424 1405
1364 3356 1439 3426 C.
1513 3355 1588 3426 C.

877 3480 1199 3551 Dubitari
1267 3483 1512 3575 nequit
1584 3481 1754 3574 quin
1823 3480 2090 3550 scribae
2135 3483 2206 3550 in
2256 3479 2495 3552 archio
2545 3478 2734 3550 tribu·

729 3607 905 3676 nalis
950 3605 1277 3695 adhibiti,
1325 3617 1732 3699 spectentur
1777 3607 1847 3674 in
1895 3611 2034 3674 art-‚0
2081 3602 2275 3675 1405
2302 3641 2350 3696 ,ν
2375 3609 2546 3700 quia
2594 3611 2734 3674 sunt

731 3753 1064 3823 personae
1144 3753 1325 3824 quae
1402 3753 1546 3800 non
1623 3728 1910 3825 publica
1953 3731 2449 3821 auctoritate,
2514 3741 2636 3801 aut
2688 3725 2736 3794 vi

730 3854 901 3947 legis
966 3865 1311 3926 creantur.
