2934 5102
1189 612 1288 685 '75

220 849 325 894 am
372 829 379 836 '
420 823 509 894 ad
602 822 1026 894 vocabulum
1112 847 1145 890 (ι
1174 821 1463 894 bewaren
1493 849 1524 891 »
1598 822 2041 894 referendum
2111 826 2246 912 sit3

220 951 271 1018 si
342 950 430 1018 ad
480 961 862 1042 utrumque
888 1001 908 1037 ‚
984 947 1191 1018 etiam
1241 970 1834 1042 supervacaneum
1885 961 2062 1020 esset
2109 948 2247 1021 hoc

219 1072 660 1145 vocabulum.
785 1073 947 1165 Ipsa
1020 1073 1202 1142 enim
1275 1095 1385 1142 res
1460 1072 1776 1166 loquitur
1799 1126 1820 1162 ,
1893 1096 2058 1144 eum
2133 1073 2248 1144 de-

218 1199 383 1269 bere
454 1198 711 1268 damna
776 1196 1103 1266 resarcire
1176 1207 1249 1265 et
1322 1217 1578 1288 poenas
1650 1196 1845 1267 luere
1869 1248 1890 1287 ,
1981 1199 2039 1268 si
2109 1221 2249 1269 non

218 1335 405 1394 recte
486 1320 761 1418 (m‘qtiq)
855 1320 1180 1391 habuerit
1258 1333 1383 1392 aut
1456 1321 1862 1393 custodierit
1935 1325 2245 1417 registra.

362 1448 405 1518 J
408 1473 517 1518 am
593 1448 649 1517 si
720 1423 983 1540 quaero
1054 1445 1144 1516 de
1216 1445 1455 1534 officiis
1511 1448 1573 1516 ei
1617 1449 1951 1541 impositis
1977 1500 1998 1539 ‚
2073 1448 2246 1519 haec

218 1574 496 1643 omnino
566 1571 931 1644 convenire
1002 1569 1327 1640 videntur
1420 1593 1586 1639 cum
1671 1571 1909 1640 officiis
1981 1573 2244 1666 deposi-

221 1685 369 1768 tarii
440 1699 515 1766 in
589 1719 836 1788 genere
862 1747 881 1784 ‚
958 1694 1049 1764 ef.
1126 1695 1257 1764 Tit.
1330 1694 1490 1766 XII.
1565 1694 1753 1764 Libr.
1807 1695 1942 1765 III.
1995 1696 2069 1765 C.
2120 1696 2196 1768 C.
2223 1749 2244 1786 ‚

218 1822 561 1915 quamdiu
654 1820 917 1890 scilicet
1011 1820 1419 1890 conveniant
1503 1843 1665 1889 cum
1737 1821 1984 1890 ceteris
2053 1843 2246 1915 prae·

216 1948 434 2040 ceptis
506 1945 674 2016 huic
746 1969 830 2014 ex
907 1944 1060 2038 lege
1130 1943 1330 2014 datis.

359 2068 969 2162 Quemadmodum
1038 2068 1290 2161 reliqui
1354 2091 1592 2138 omnes
1637 2069 2080 2161 magistratus
2125 2070 2247 2141 ho·

222 2198 567 2267 noi-arium
666 2195 1079 2288 accipientes
1172 2216 1257 2263 ex
1350 2217 1640 2263 munere
1664 2246 1685 2283 ‚
1794 2194 2246 2290 depositarius

216 2333 447 2391 noster
515 2330 865 2413 praestare
934 2317 1146 2389 debet
1219 2317 1506 2412 culpam
1579 2318 1802 2389 levem
1874 2322 1946 2390 in
2019 2333 2248 2392 custo-

214 2444 326 2515 dia
395 2446 443 2514 i.
518 2467 577 2514 e.
650 2453 933 2514 tenetur
1004 2465 1088 2512 ex
1157 2441 1364 2535 culpa
1390 2494 1410 2531 ,
1484 2443 1539 2511 si
1598 2444 1933 2514 minorem
2004 2469 2244 2515 curam

210 2594 423 2665 quam
502 2568 725 2639 honus
774 2566 1265 2661 paterfamilias
1290 2617 1313 2655 ‚
1386 2564 1782 2635 adhibuerit
1805 2618 1827 2655 ‚
1900 2568 2092 2662 quod
2131 2572 2244 2661 ju·

210 2694 383 2764 dicis
457 2694 588 2763 erit
650 2690 989 2783 judicare.
1114 2690 1319 2759 Forte
1400 2688 1651 2782 aliquis
1723 2691 1924 2762 mihi·
1963 2692 2248 2785 objiciet

210 2820 696 2912 magistratum
777 2817 901 2909 qui
976 2816 1281 2908 registris
1354 2826 1580 2885 status
1642 2816 1858 2887 civilis
1924 2820 2197 2911 praeest
2224 2871 2245 2910 ,

208 2946 457 3018 minus
516 2946 863 3036 praestare
886 2992 906 3026 ‚
979 2942 1143 3034 quia
1213 2950 1519 3034 quatuor
1573 2966 1773 3015 casus
1819 2946 1942 3038 qui
1990 2958 2248 3039 augent

214 3070 749 3163 praestationem
778 3119 797 3156 ‚
870 3066 941 3135 in
1016 3088 1099 3135 eo
1169 3066 1291 3159 qui
1372 3064 1792 3161 plerumque
1839 3072 2048 3162 gratis
2069 3114 2072 3117 -
2095 3095 2246 3140 mu·

212 3216 379 3265 nere
446 3191 763 3284 fungitur
787 3242 808 3281 ,
878 3213 1021 3259 non
1093 3189 1461 3284 quadrant.
1563 3191 1817 3263 Contra
1889 3193 2058 3263 mihi
2125 3194 2246 3264 ob·

212 3340 485 3389 servare
576 3316 826 3407 liceat,
916 3316 1397 3407 magistratum
1493 3327 1808 3385 nostrum
1900 3311 2030 3410 pro
2098 3319 2246 3411 ipso

212 3444 441 3515 officio
514 3438 946 3513 custodiendi
1036 3462 1273 3509 revera
1344 3438 1789 3510 honorarium
1859 3464 2000 3511 non
2071 3444 2246 3512 aeci-

218 3593 381 3663 pere
400 3620 421 3659 ,
492 3567 618 3638 sed
686 3588 964 3661 semper
1032 3588 1254 3636 unum
1328 3587 1475 3635 esse
1531 3588 1614 3633 ex
1663 3564 2246 3657 gubernatoribus

218 3694 615 3786 municipii,
690 3692 811 3786 qui
885 3690 1329 3760 honorarium
1401 3689 1796 3781 accipiunt,
1869 3690 2060 3784 quod
2119 3716 2247 3787 pro

214 3818 443 3890 officio
516 3816 949 3887 custodiendi
1022 3816 1365 3907 accepisse
1434 3813 1758 3883 censendi
1811 3828 2000 3887 sunt.
2121 3818 2246 3890 Co·

217 3944 415 4038 gitari
460 3944 644 4013 enim
693 3942 975 4035 nequit,
1035 3940 1497 4033 legislatorem
1545 3938 1878 4044 goluisse,
1929 3966 2081 4013 eam
2130 3968 2245 4013 cu·

216 4094 361 4139 ram
436 4066 904 4137 adhibendam
977 4088 1123 4135 esse
1170 4089 1381 4158 quam
1442 4067 1924 4160 unusquisque
1949 4119 1970 4156 ‚
2038 4068 2244 4138 etiam
