2934 5102
1658 610 1804 681 114

728 843 1004 891 caussas
1030 873 1049 910 ‚
1148 832 1219 891 et
1314 819 1594 889 diversis
1702 820 2095 889 nominihus
2203 821 2336 890 sibi
2435 820 2711 890 traditas,

874 945 1141 1015 Nomen
1216 948 1366 1038 ejus
1436 947 1640 1037 cujus
1712 944 1936 1016 officia
2007 968 2346 1039 exponam
2375 998 2397 1035 ,
2452 948 2591 1038 jam
2635 968 2716 1014 sa-

734 1072 818 1157 tis
864 1068 1165 1159 indicat,
1242 1070 1434 1163 quod
1482 1068 1736 1140 debeat
1792 1070 2098 1163 recipere
2146 1072 2476 1164 pecunias
2503 1123 2522 1159 ‚
2566 1092 2718 1163 quae

732 1194 869 1265 sub
935 1196 1211 1263 nomine
1293 1192 1605 1264 indirecte
1687 1192 2086 1287 belastinqen
2159 1219 2199 1263 a
2273 1194 2542 1265 civibus
2608 1194 2719 1263 exi-

704 1330 1041 1411 guntur,
1118 1342 1292 1411 quas
1366 1320 1581 1410 igitur
1654 1318 2050 1409 custodire,
2103 1332 2174 1389 et
2243 1343 2451 1413 porro
2500 1318 2583 1387 ad
2633 1340 2720 1386 ae·

679 1425 685 1432 ⁸
733 1443 993 1511 rarium
1064 1444 1439 1518 remittere,
1486 1442 1718 1512 debet.
1843 1443 1913 1512 Si
1973 1468 2152 1537 quae
2198 1446 2286 1513 sit
2335 1456 2576 1514 natura
2616 1442 2720 1511 hu-

726 1570 847 1661 jus
884 1544 1219 1637 ‘muneris
1290 1579 1695 1660 reputamus
1721 1620 1742 1657 ,
1813 1590 1938 1637 sua
2009 1579 2254 1662 sponte
2301 1568 2502 1639 nobis
2546 1590 2720 1661 appa·

738 1691 925 1762 rebit
949 1744 969 1781 ,
1049 1691 1407 1784 postulare
1485 1691 1619 1761 hoc
1689 1672 1945 1761 munus
2015 1692 2328 1763 homines
2399 1695 2522 1789 qui
2565 1692 2721 1783 digni

736 1828 901 1887 sunt
924 1870 944 1907 ‚
1018 1815 1278 1910 quibus
1349 1815 1524 1885 fides
1594 1815 1956 1887 habeatur.
2080 1814 2260 1908 Quia
2317 1817 2454 1888 hoc
2503 1840 2723 1887 munus

738 1941 827 2012 ad
919 1930 1253 2011 malitiam
1346 1952 1708 2035 tantopere
1797 1940 2016 2011 allicit
2039 1994 2060 2031 ,
2146 1941 2374 2011 officia
2454 1954 2524 2012 et
2594 1944 2724 2033 jura

738 2078 928 2137 arcte
1000 2077 1165 2135 sunt
1237 2066 1759 2159 circumscripta
1832 2064 2105 2157 legibus
2178 2077 2322 2134 tam
2395 2065 2726 2161 spectanti·

738 2191 873 2261 bus
944 2189 1602 2260 administrationem
1627 2242 1648 2279 ,
1718 2212 1930 2281 quam
1994 2189 2252 2260 delicta
2309 2214 2494 2285 quae
2542 2190 2627 2259 ab
2665 2189 2726 2256 iis

740 2315 1080 2385 committi
1128 2324 1438 2405 possunt.
1539 2313 1824 2383 Summo
1867 2324 2102 2383 autem
2153 2318 2316 2407 Jure
2342 2368 2362 2405 ,
2409 2314 2729 2409 legislator

741 2439 1159 2511 severissima
1202 2448 1575 2533 praecepta
1623 2440 2026 2529 constituit,
2078 2462 2263 2534 quae
2312 2441 2450 2510 sint
2491 2438 2728 2535 pignori

742 2567 1001 2638 civitati
1083 2588 1171 2634 ne
1256 2563 1622 2634 fraudetur
1648 2618 1668 2654 ‚
1758 2587 1932 2634 neve
2015 2565 2380 2659 vectigalia
2464 2567 2536 2635 in
2611 2587 2726 2657 gra·

743 2693 911 2762 tiam
983 2691 1426 2783 magistratus
1501 2689 1865 2780 exigantur
1890 2741 1910 2778 ,
1985 2712 2128 2783 quo
2201 2689 2386 2761 facto
2453 2703 2523 2761 et
2579 2707 2728 2759 aera·

742 2818 924 2886 rium
954 2868 973 2904 ‚
1022 2826 1093 2884 et
1163 2815 1478 2883 universa
1521 2813 1757 2883 civitas
1804 2813 2059 2884 damno
2111 2814 2550 2902 afficereturz,
2597 2835 2733 2908 qua-

743 2951 1029 3034 propter
1095 2961 1372 3008 necesse
1444 2949 1592 3026 est,
1675 2950 1751 3008 ut
1822 2937 2110 3032 publice
2179 2939 2496 3011 homines
2541 2937 2732 3010 idonei

746 3065 835 3134 ad
924 3063 1150 3132 officia
1236 3086 1445 3155 supra
1533 3061 1816 3134 laudata
1899 3063 2320 3157 perficienda
2403 3069 2732 3150 creentur,

744 3189 867 3283 qui
937 3188 1150 3283 ipsius
1221 3187 1514 3256 civitatis
1588 3189 1786 3280 quasi
1853 3211 2218 3282 personam
2291 3203 2556 3282 gerant.

892 3313 983 3384 Hi
1051 3313 1492 3405 magistratus
1562 3313 1904 3405 requisitis
1954 3313 2374 3386 definitionis
2421 3340 2625 3410 quam
2663 3312 2733 3381 de

745 3437 1318 3533 depositariorum
1400 3459 1689 3508 munere
1777 3438 2043 3532 protuli
2137 3442 2418 3528 omnino
2497 3461 2733 3534 respon-

747 3565 962 3650 dent3
1046 3574 1210 3632 sunt
1282 3562 1463 3631 enim
1536 3560 1824 3655 publice
1893 3565 2237 3654 instituti,
2325 3577 2440 3657 et,
2529 3568 2623 3636 uti
2679 3565 2734 3632 in

748 3689 785 3784 §
856 3699 1190 3782 sequente
1260 3686 1651 3758 videbimus
1675 3739 1697 3776 ,
1784 3712 1893 3758 res
1961 3713 2143 3783 quae
2209 3713 2350 3761 non
2419 3705 2582 3762 sunt
2651 3710 2734 3758 eo-

748 3835 905 3882 rum
980 3811 1404 3882 custodiunt.
1508 3811 1916 3906 Depositarii
1965 3838 2130 3908 ergo
2179 3815 2452 3910 publici
2500 3809 2734 3886 dicendi

748 3948 911 4017 sunt
939 3989 959 4026 ‚
1045 3960 1185 4031 quo
1258 3939 1463 4008 etiam
1531 3939 1810 4008 nomine
1879 3941 2180 4033 insigniti
2253 3953 2419 4012 sunt
2495 3966 2534 4028 a
2622 3940 2736 4008 viro

749 4061 1047 4142 consult.
1121 4084 1418 4132 0110111111
1442 4115 1462 4152 ,
1524 4065 1596 4132 111
1653 4087 1862 4158 opere
1917 4088 2060 4159 quo
2131 4065 2458 4140 Codicem
2538 4065 2622 4136 de
2679 4082 2736 4129 re
