2934 5102
1188 599 1332 672 155

1223 813 1305 882 Χ.

372 1021 671 1091 Frustra
749 1020 1177 1116 obloquente
1243 1045 1340 1090 eL.
1407 1043 1642 1089 nonno
1667 1073 1688 1110 ,
1741 1018 2277 1113 (Failliten-regt

251 1145 337 1214 ad
422 1169 578 1239 pag.
663 1143 837 1238 288)
922 1145 1117 1214 nulla
1202 1144 1352 1214 fieri
1426 1156 1656 1237 potest
1733 1146 2093 1214 nominum
2167 1167 2277 1214 ve-

252 1269 543 1341 rificatio
570 1324 591 1361 ‚
667 1269 1075 1341 absentibus
1148 1270 1610 1340 curatoribus,

1208 1506 1327 1575 XI.

399 1689 543 1783 Ipsi
625 1690 857 1758 curiae
934 1687 1334 1780 Municipali
1359 1739 1380 1776 ,
1456 1711 1596 1756 non
1673 1686 1968 1780 collegio
2040 1687 2280 1779 Burgi·

252 1815 559 1907 magistri
629 1825 699 1884 et
771 1813 1218 1883 Assessorum
1277 1814 1611 1905 competit
1651 1815 1772 1904 jus
1821 1811 2278 1883 creandorum

254 1952 807 2034 proxenetarum.

1189 2092 1347 2160 XII.
1443 2087 1451 2096 ’

401 2275 625 2344 Minus
694 2285 882 2344 recte
955 2273 1288 2366 leguntur
1345 2274 1416 2341 in
1465 2271 1634 2343 Cod.
1683 2271 1772 2341 de
1821 2271 2036 2342 meth.
2086 2293 2277 2364 proc.

255 2403 366 2470 in·
400 2400 473 2470 C.
546 2400 620 2470 C.
650 2453 669 2490 ‚
742 2409 1109 2494 praecepta
1185 2398 1576 2491 generalia,
1651 2397 1774 2468 ubi
1849 2409 2122 2466 tautum
2193 2395 2281 2466 de

258 2525 480 2598 modis
554 2514 1001 2620 exsequendi
1053 2548 1181 2614 ea,
1265 2547 1493 2593 sermo
1566 2547 1712 2593 esse
1762 2521 2016 2613 debet,
2099 2546 2163 2591 v.
2217 2545 2279 2591 c.

256 2653 327 2721 in
411 2654 540 2722 Tit.
626 2650 741 2719 III
822 2674 908 2720 en
992 2650 1122 2719 Tit.
1209 2649 1295 2720 V.
1377 2648 1568 2717 Libri
1641 2648 1718 2716 II
1789 2650 1860 2717 in
1933 2646 2282 2743 prioribus

256 2777 726 2863 sectionibusz,
778 2778 1033 2847 rectius
1074 2777 1235 2868 jure
1281 2774 1608 2844 Francico
1655 2774 1951 2866 sejuncti
1993 2784 2157 2843 sunt
2208 2772 2282 2841 hi

258 2902 392 2973 loci
442 2927 481 2972 a
530 2901 699 2973 Cod.
751 2902 839 2973 de
885 2901 1101 2971 meth.
1150 2924 1341 2996 proc.
1392 2912 1465 2969 et
1537 2899 1740 2993 positi
1789 2900 1858 2967 in
1902 2896 2072 2969 Cod.
2136 2896 2279 2968 civ.

1174 3108 1373 3178 XIII.

404 3291 770 3363 Articulus
843 3287 987 3359 660
1053 3289 1128 3360 C.
1201 3288 1289 3358 de
1361 3288 1578 3359 meth.
1651 3312 1842 3382 proc.
1915 3289 1986 3357 in
2053 3286 2130 3358 C.
2203 3286 2278 3356 C.

258 3392 539 3489 umnino
612 3427 880 3511 spectat
948 3412 1416 3507 Graphiarios.

1180 3622 1365 3692 XIV.

404 3807 488 3877 In
564 3811 702 3875 art⁹
775 3802 919 3875 859
992 3802 1160 3874 cod.
1236 3801 1325 3871 de
1395 3799 1614 3869 meth.
1663 3822 1855 3892 proc.
1905 3802 1976 3870 in
2025 3800 2099 3870 C.
2153 3800 2279 3891 C.,

254 3958 385 4030 pro
469 3931 811 4004 vocabulo
893 3928 1177 4000 houders
1256 3951 1389 3996 van
1465 3925 1782 3995 minuten
1865 3924 1944 3994 of
2019 3924 2278 4015 akten,

256 4061 515 4130 rectius
586 4058 859 4151 legatur
926 4053 1354 4126 vocabulum
1428 4049 1849 4121 bewaarders.
