2934 5102
1656 590 1754 664 50

692 802 967 887 minust,
1037 811 1207 891 aut,
1279 812 1517 872 utrum
1592 802 1689 870 rei
1760 801 2145 872 dominium
2212 801 2549 895 pertineat
2622 799 2711 868 ad

692 924 997 995 tribunal
1059 948 1190 995 nec
1247 949 1380 1012 net,
1441 925 1565 996 sed
1624 949 1863 996 caussa
1924 925 2081 996 talis
2134 928 2231 998 rei
2273 925 2709 1019 depositionis

691 1071 898 1144 saepe
965 1050 1148 1120 hanc
1215 1050 1703 1121 difficultatem
1776 1050 1981 1121 tollit.

1624 1296 1781 1393 §2-

839 1548 1128 1618 Initium
1185 1547 1517 1619 faciamus
1586 1573 1625 1618 a
1688 1550 2146 1621 memorandis
2204 1551 2413 1622 rebus
2439 1603 2459 1641 ,
2536 1575 2719 1646 quae

694 1673 1042 1768 pertinent
1115 1673 1204 1742 ad
1277 1675 1510 1767 ipsum
1596 1674 1928 1744 tribunal.
2028 1675 2257 1746 Primo
2342 1676 2495 1746 loco
2554 1686 2721 1745 sunt

694 1798 820 1892 huj
831 1823 910 1868 us
997 1800 1248 1892 speciei
1335 1799 1795 1868 instrumenta
1876 1798 2228 1892 originalia
2312 1797 2721 1896 (minutan)3

697 1922 858 1994 dein
927 1946 1008 1992 ea
1081 1946 1262 2017 quae
1333 1922 1645 2016 reyisters
1716 1936 2097 2010 vocantur3
2169 1947 2374 2017 porro
2434 1927 2505 1994 in
2565 1925 2723 2016 lege

697 2073 752 2117 s.
815 2048 864 2117 l.
931 2071 1136 2141 saepe
1195 2060 1713 2119 memorantur:
1790 2074 1823 2117 «
1860 2047 2163 2120 Stukken
2214 2072 2346 2120 acm
2400 2048 2508 2120 het
2576 2047 2723 2119 Col-

701 2197 732 2239 «
763 2171 926 2265 leqie
947 2224 968 2261 ,
1025 2171 1304 2265 waarlnsy'
1381 2173 1478 2264 zij
1532 2171 1674 2265 zzsjn
1752 2173 2127 2266 aanyesteld
2149 2227 2170 2263 ‚
2266 2173 2721 2245 behoorende‘»

699 2297 790 2366 cf.
865 2310 992 2366 art.
1067 2293 1184 2366 61.
1257 2297 1454 2390 Legis
1524 2322 1580 2367 s.
1642 2297 1689 2366 l.
1790 2297 1947 2391 Quo
2006 2301 2283 2369 nomine
2340 2299 2567 2369 multa
2628 2301 2725 2368 in-

682 2433 1084 2499 strumenta
1161 2421 1827 2516 conprehendantur
1847 2476 1869 2514 ,
1932 2435 2024 2493 ut
2076 2423 2252 2494 infra
2310 2424 2722 2494 videbimus.

699 2545 820 2617 Ad
889 2548 1117 2641 ipsum
1195 2547 1505 2618 tribunal
1575 2562 1825 2643 quarto
1898 2549 2053 2621 loco
2124 2551 2523 2644 pertinent,
2598 2549 2723 2621 Co·

699 2672 884 2742 dices
910 2726 931 2762 ‚
1011 2673 1196 2765 leges
1271 2675 1494 2743 variae
1540 2674 1879 2744 collectae
1902 2726 1924 2764 ,
1997 2674 2203 2767 Regis
2254 2675 2529 2746 decreta
2554 2728 2583 2766 ‚
2658 2686 2723 2745 et

701 2795 862 2867 libri
935 2799 1055 2892 qui
1106 2797 1605 2868 bibliothecam
1664 2799 2055 2869 Tribunalis
2112 2800 2422 2871 efficiunt
2448 2854 2469 2890 ‚
2542 2824 2725 2895 quae

702 2923 930 2989 omnia
991 2922 1062 2989 in
1123 2944 1328 2989 usum
1388 2922 1793 2993 Tribunalis
1837 2948 1977 2993 una
2041 2926 2557 2995 custodiuntur.
2636 2926 2723 2995 cf.

703 3058 832 3115 art.
905 3044 996 3117 61
1073 3047 1170 3115 al⁸¹
1247 3043 1288 3115 1
1345 3060 1414 3117 et
1482 3045 1553 3116 2.
1618 3049 1815 3142 Legis
1876 3074 1928 3140 s.
1991 3049 2040 3117 l.
2139 3047 2459 3142 Quatuor
2514 3052 2726 3144 igitur

704 3170 1042 3244 habemus
1123 3174 1384 3265 species
1455 3196 1693 3243 rerum
1766 3198 1946 3268 quae
2020 3174 2109 3243 ad
2182 3177 2409 3269 ipsum
2484 3175 2729 3247 Tribu-

703 3296 820 3368 nal
867 3298 1261 3391 pertinentt,
1324 3297 1680 3367 videamus
1740 3296 1829 3367 de
1886 3300 1967 3369 iis
1992 3352 2012 3389 ,
2064 3320 2268 3393 quae-
2304 3323 2733 3395 unaquaque

703 3423 932 3516 specie
991 3423 1432 3493 continentur
1456 3475 1477 3511 ‚
1540 3434 1613 3492 et
1668 3425 1893 3516 primo
1956 3424 2112 3495 loco
2168 3422 2256 3494 de
2316 3426 2733 3495 instrumen-

706 3549 792 3616 tis
849 3546 1294 3639 originalibus
1322 3600 1342 3635 ,
1399 3546 1695 3619 minuten
1742 3548 1943 3620 dictis
1952 3602 1973 3639 ‚
2034 3574 2215 3644 quae
2260 3563 2425 3620 sunt
2473 3554 2737 3647 scripta

705 3671 963 3765 quibus
1033 3674 1133 3743 vis
1205 3672 1587 3745 authentici
1654 3676 1891 3769 scripti
1964 3678 2379 3768 agnoscitur.
2429 3676 2551 3747 -cf.
2606 3691 2741 3747 art.

708 3792 902 3865 1905
983 3796 1058 3865 C.
1142 3797 1217 3866 C.
1355 3795 1611 3867 Omnia.
1686 3822 1769 3869 ea
1854 3824 2035 3894 quae
2118 3798 2577 3895 Graphiarius
2654 3827 2744 3873 ex

709 3920 934 3991 officio
1019 3922 1188 3991 acti-s
1261 3923 1618 4013 inscribit,
1696 3937 1819 3994 aut
1891 3948 2071 4019 quae
2107 3964 2112 3970 ·
2143 3928 2387 4019 recipit
2426 3942 2431 3949 ’
2468 3938 2553 3995 ut
2631 3951 2746 3999 eo-

707 4070 866 4115 rum
937 4057 1296 4139 excerptas
1373 4047 1537 4118 edat
1563 4067 1621 4139 ,·
1668 4049 1998 4120 dicuntur
2068 4050 2361 4121 minuten
2384 4074 2421 4131 ,··
2489 4053 2749 4125 eodem
