<?xml version="1.0" encoding="UTF-8"?>
<!DOCTYPE html PUBLIC "-//W3C//DTD XHTML 1.0 Transitional//EN"
    "http://www.w3.org/TR/xhtml1/DTD/xhtml1-transitional.dtd">
<html xmlns="http://www.w3.org/1999/xhtml" xml:lang="en" lang="en">
 <head>
  <title>
</title>
<meta http-equiv="Content-Type" content="text/html;charset=utf-8" />
  <meta name='ocr-system' content='tesseract 3.04.00' />
  <meta name='ocr-capabilities' content='ocr_page ocr_carea ocr_par ocr_line ocrx_word'/>
</head>
<body>
  <div class='ocr_page' id='page_1' title='image "./dissertatiojuri00enscgoog_0134.png"; bbox 0 0 2934 5102; ppageno 0'>
   <div class='ocr_carea' id='block_1_1' title="bbox 45 2933 90 4763">
    <p class='ocr_par' dir='ltr' id='par_1_1' title="bbox 45 2933 90 4763">
     <span class='ocr_line' id='line_1_1' title="bbox 45 2933 90 4763; baseline 0 0"><span class='ocrx_word' id='word_1_1' title='bbox 45 2933 90 4763; x_wconf 95' lang='lat' dir='ltr'><strong> </strong></span> 
     </span>
    </p>
   </div>
   <div class='ocr_carea' id='block_1_2' title="bbox 1541 566 1789 869">
    <p class='ocr_par' dir='ltr' id='par_1_2' title="bbox 1541 566 1789 869">
     <span class='ocr_line' id='line_1_2' title="bbox 1541 566 1784 689; baseline 0 -52"><span class='ocrx_word' id='word_1_2' title='bbox 1541 670 1564 689; x_wconf 97' lang='lat'><strong>.</strong></span> <span class='ocrx_word' id='word_1_3' title='bbox 1637 566 1784 637; x_wconf 77' lang='lat'><strong>120</strong></span> 
     </span>
     <span class='ocr_line' id='line_1_3' title="bbox 1627 772 1789 869; baseline 0 -27"><span class='ocrx_word' id='word_1_4' title='bbox 1627 774 1666 869; x_wconf 84' lang='lat'><em>§</em></span> <span class='ocrx_word' id='word_1_5' title='bbox 1721 772 1789 842; x_wconf 84' lang='lat'><strong>5.</strong></span> 
     </span>
    </p>
   </div>
   <div class='ocr_carea' id='block_1_3' title="bbox 694 1024 2722 4112">
    <p class='ocr_par' dir='ltr' id='par_1_3' title="bbox 694 1024 2712 1993">
     <span class='ocr_line' id='line_1_4' title="bbox 844 1024 2709 1118; baseline -0.002 -21"><span class='ocrx_word' id='word_1_6' title='bbox 844 1029 955 1097; x_wconf 89' lang='lat' dir='ltr'><strong>Sic</strong></span> <span class='ocrx_word' id='word_1_7' title='bbox 1050 1025 1353 1095; x_wconf 77' lang='lat' dir='ltr'><strong>breviter</strong></span> <span class='ocrx_word' id='word_1_8' title='bbox 1446 1025 1730 1117; x_wconf 80' lang='lat' dir='ltr'>exposui</span> <span class='ocrx_word' id='word_1_9' title='bbox 1825 1024 2002 1118; x_wconf 89' lang='lat' dir='ltr'><strong>quid</strong></span> <span class='ocrx_word' id='word_1_10' title='bbox 2106 1026 2410 1096; x_wconf 84' lang='lat' dir='ltr'><strong>Exactor</strong></span> <span class='ocrx_word' id='word_1_11' title='bbox 2498 1036 2709 1096; x_wconf 84' lang='lat' dir='ltr'><strong>custo·</strong></span> 
     </span>
     <span class='ocr_line' id='line_1_5' title="bbox 696 1150 2709 1245; baseline -0.003 -22"><span class='ocrx_word' id='word_1_12' title='bbox 696 1153 847 1223; x_wconf 87' lang='lat' dir='ltr'><strong>diat</strong></span> <span class='ocrx_word' id='word_1_13' title='bbox 870 1150 911 1219; x_wconf 68' lang='grc' dir='ltr'><strong>’.Ρ</strong></span> <span class='ocrx_word' id='word_1_14' title='bbox 988 1150 1467 1245; x_wconf 83' lang='lat' dir='ltr'><strong>quaerendum</strong></span> <span class='ocrx_word' id='word_1_15' title='bbox 1543 1161 1778 1219; x_wconf 87' lang='lat' dir='ltr'><strong>tamen</strong></span> <span class='ocrx_word' id='word_1_16' title='bbox 1849 1160 1957 1219; x_wconf 88' lang='lat' dir='ltr'><strong>est</strong></span> <span class='ocrx_word' id='word_1_17' title='bbox 1980 1202 2002 1239; x_wconf 83' lang='lat'>‚</span> <span class='ocrx_word' id='word_1_18' title='bbox 2083 1163 2326 1221; x_wconf 86' lang='lat' dir='ltr'><strong>utrum</strong></span> <span class='ocrx_word' id='word_1_19' title='bbox 2397 1175 2478 1221; x_wconf 90' lang='lat' dir='ltr'><strong>ea</strong></span> <span class='ocrx_word' id='word_1_20' title='bbox 2546 1172 2709 1243; x_wconf 85' lang='lat' dir='ltr'><strong>quae</strong></span> 
     </span>
     <span class='ocr_line' id='line_1_6' title="bbox 694 1274 2708 1371; baseline -0.003 -22"><span class='ocrx_word' id='word_1_21' title='bbox 694 1280 943 1371; x_wconf 82' lang='lat' dir='ltr'>recipit</span> <span class='ocrx_word' id='word_1_22' title='bbox 1014 1276 1546 1367; x_wconf 80' lang='lat' dir='ltr'><strong>consignationis</strong></span> <span class='ocrx_word' id='word_1_23' title='bbox 1605 1299 1846 1345; x_wconf 78' lang='lat' dir='ltr'><strong>caussa</strong></span> <span class='ocrx_word' id='word_1_24' title='bbox 1872 1328 1895 1366; x_wconf 87' lang='lat'>‚</span> <span class='ocrx_word' id='word_1_25' title='bbox 1969 1274 2320 1347; x_wconf 84' lang='lat' dir='ltr'><strong>custodiat</strong></span> <span class='ocrx_word' id='word_1_26' title='bbox 2369 1289 2708 1369; x_wconf 87' lang='lat' dir='ltr'><strong>tamquam</strong></span> 
     </span>
     <span class='ocr_line' id='line_1_7' title="bbox 699 1396 2711 1495; baseline -0.001 -25"><span class='ocrx_word' id='word_1_27' title='bbox 699 1401 1157 1495; x_wconf 87' lang='lat' dir='ltr'><strong>depositarius</strong></span> <span class='ocrx_word' id='word_1_28' title='bbox 1224 1398 1560 1493; x_wconf 88' lang='lat' dir='ltr'><strong>publicus</strong></span> <span class='ocrx_word' id='word_1_29' title='bbox 1585 1451 1608 1489; x_wconf 87' lang='lat'>‚</span> <span class='ocrx_word' id='word_1_30' title='bbox 1684 1424 1774 1468; x_wconf 89' lang='lat' dir='ltr'><strong>au</strong></span> <span class='ocrx_word' id='word_1_31' title='bbox 1845 1422 1930 1469; x_wconf 82' lang='lat' dir='ltr'><strong>ex</strong></span> <span class='ocrx_word' id='word_1_32' title='bbox 1974 1402 2247 1493; x_wconf 87' lang='lat' dir='ltr'><strong>privato</strong></span> <span class='ocrx_word' id='word_1_33' title='bbox 2295 1412 2653 1471; x_wconf 85' lang='lat' dir='ltr'><strong>contractu</strong></span> <span class='ocrx_word' id='word_1_34' title='bbox 2673 1396 2711 1468; x_wconf 76' lang='lat' dir='ltr'><strong>P</strong></span> 
     </span>
     <span class='ocr_line' id='line_1_8' title="bbox 696 1522 2712 1618; baseline -0.002 -23"><span class='ocrx_word' id='word_1_35' title='bbox 696 1526 979 1595; x_wconf 80' lang='lat' dir='ltr'><strong>maximi</strong></span> <span class='ocrx_word' id='word_1_36' title='bbox 1047 1523 1221 1593; x_wconf 88' lang='grc'><strong>11300</strong></span> <span class='ocrx_word' id='word_1_37' title='bbox 1284 1525 1602 1616; x_wconf 53' lang='lat' dir='ltr'><strong>quaestio</strong></span> <span class='ocrx_word' id='word_1_38' title='bbox 1675 1535 1782 1593; x_wconf 92' lang='lat' dir='ltr'><strong>est</strong></span> <span class='ocrx_word' id='word_1_39' title='bbox 1853 1527 2234 1615; x_wconf 89' lang='lat' dir='ltr'><strong>momenti,</strong></span> <span class='ocrx_word' id='word_1_40' title='bbox 2318 1527 2484 1618; x_wconf 87' lang='lat' dir='ltr'><strong>quia</strong></span> <span class='ocrx_word' id='word_1_41' title='bbox 2549 1522 2712 1595; x_wconf 89' lang='lat' dir='ltr'><strong>mul-</strong></span> 
     </span>
     <span class='ocr_line' id='line_1_9' title="bbox 708 1646 2709 1743; baseline -0.002 -23"><span class='ocrx_word' id='word_1_42' title='bbox 708 1661 865 1721; x_wconf 90' lang='lat' dir='ltr'><strong>tum</strong></span> <span class='ocrx_word' id='word_1_43' title='bbox 914 1652 1199 1719; x_wconf 87' lang='lat' dir='ltr'><strong>interest</strong></span> <span class='ocrx_word' id='word_1_44' title='bbox 1246 1650 1427 1717; x_wconf 88' lang='lat' dir='ltr'><strong>inter</strong></span> <span class='ocrx_word' id='word_1_45' title='bbox 1489 1647 1829 1717; x_wconf 77' lang='lat' dir='ltr'><strong>violatum</strong></span> <span class='ocrx_word' id='word_1_46' title='bbox 1885 1646 2282 1741; x_wconf 92' lang='lat' dir='ltr'><strong>depositum</strong></span> <span class='ocrx_word' id='word_1_47' title='bbox 2340 1648 2534 1742; x_wconf 91' lang='lat' dir='ltr'><strong>quod</strong></span> <span class='ocrx_word' id='word_1_48' title='bbox 2599 1670 2709 1743; x_wconf 89' lang='lat' dir='ltr'><strong>pu·</strong></span> 
     </span>
     <span class='ocr_line' id='line_1_10' title="bbox 702 1771 2710 1866; baseline -0.003 -22"><span class='ocrx_word' id='word_1_49' title='bbox 702 1774 888 1847; x_wconf 90' lang='lat' dir='ltr'><strong>hlice</strong></span> <span class='ocrx_word' id='word_1_50' title='bbox 956 1773 1309 1862; x_wconf 82' lang='lat' dir='ltr'><strong>custodit,</strong></span> <span class='ocrx_word' id='word_1_51' title='bbox 1394 1784 1466 1841; x_wconf 92' lang='lat' dir='ltr'><strong>et</strong></span> <span class='ocrx_word' id='word_1_52' title='bbox 1537 1771 1720 1841; x_wconf 88' lang='lat' dir='ltr'><strong>illud</strong></span> <span class='ocrx_word' id='word_1_53' title='bbox 1793 1775 2000 1864; x_wconf 89' lang='lat' dir='ltr'><strong>cujus</strong></span> <span class='ocrx_word' id='word_1_54' title='bbox 2072 1795 2156 1842; x_wconf 85' lang='lat' dir='ltr'><strong>ex</strong></span> <span class='ocrx_word' id='word_1_55' title='bbox 2230 1774 2502 1866; x_wconf 86' lang='lat' dir='ltr'><strong>privato</strong></span> <span class='ocrx_word' id='word_1_56' title='bbox 2569 1795 2710 1843; x_wconf 88' lang='lat' dir='ltr'><strong>con-</strong></span> 
     </span>
     <span class='ocr_line' id='line_1_11' title="bbox 702 1899 1652 1993; baseline -0.004 -24"><span class='ocrx_word' id='word_1_57' title='bbox 702 1912 933 1971; x_wconf 88' lang='lat' dir='ltr'><strong>tractu</strong></span> <span class='ocrx_word' id='word_1_58' title='bbox 1000 1911 1105 1969; x_wconf 90' lang='lat' dir='ltr'><strong>est</strong></span> <span class='ocrx_word' id='word_1_59' title='bbox 1172 1899 1652 1993; x_wconf 79' lang='lat' dir='ltr'><strong>depositarius.</strong></span> 
     </span>
    </p>

    <p class='ocr_par' dir='ltr' id='par_1_4' title="bbox 702 2022 2718 3490">
     <span class='ocr_line' id='line_1_12' title="bbox 852 2022 2713 2119; baseline -0.002 -26"><span class='ocrx_word' id='word_1_60' title='bbox 852 2026 922 2093; x_wconf 91' lang='lat' dir='ltr'><strong>Si</strong></span> <span class='ocrx_word' id='word_1_61' title='bbox 994 2026 1151 2119; x_wconf 88' lang='lat' dir='ltr'><strong>quis</strong></span> <span class='ocrx_word' id='word_1_62' title='bbox 1220 2023 1570 2093; x_wconf 79' lang='lat' dir='ltr'><strong>subtraxit</strong></span> <span class='ocrx_word' id='word_1_63' title='bbox 1645 2023 1976 2116; x_wconf 82' lang='lat' dir='ltr'><strong>pecunias</strong></span> <span class='ocrx_word' id='word_1_64' title='bbox 2047 2047 2224 2115; x_wconf 89' lang='lat' dir='ltr'><strong>quas</strong></span> <span class='ocrx_word' id='word_1_65' title='bbox 2293 2026 2361 2092; x_wconf 75' lang='lat' dir='ltr'><strong>vi</strong></span> <span class='ocrx_word' id='word_1_66' title='bbox 2430 2022 2713 2093; x_wconf 85' lang='lat' dir='ltr'><strong>muneris</strong></span> 
     </span>
     <span class='ocr_line' id='line_1_13' title="bbox 706 2144 2710 2241; baseline -0.003 -22"><span class='ocrx_word' id='word_1_67' title='bbox 706 2148 1055 2221; x_wconf 85' lang='lat' dir='ltr'><strong>custodire</strong></span> <span class='ocrx_word' id='word_1_68' title='bbox 1124 2146 1336 2219; x_wconf 89' lang='lat' dir='ltr'><strong>debet</strong></span> <span class='ocrx_word' id='word_1_69' title='bbox 1358 2200 1383 2237; x_wconf 85' lang='lat'>‚</span> <span class='ocrx_word' id='word_1_70' title='bbox 1460 2170 1546 2217; x_wconf 88' lang='lat' dir='ltr'><strong>ex</strong></span> <span class='ocrx_word' id='word_1_71' title='bbox 1618 2151 1760 2215; x_wconf 86' lang='lat' dir='ltr'><strong>art0</strong></span> <span class='ocrx_word' id='word_1_72' title='bbox 1834 2144 1978 2215; x_wconf 89' lang='grc'><strong>169</strong></span> <span class='ocrx_word' id='word_1_73' title='bbox 2051 2147 2126 2216; x_wconf 91' lang='lat' dir='ltr'><strong>C.</strong></span> <span class='ocrx_word' id='word_1_74' title='bbox 2196 2147 2276 2216; x_wconf 90' lang='lat' dir='ltr'><strong>P.</strong></span> <span class='ocrx_word' id='word_1_75' title='bbox 2353 2150 2710 2241; x_wconf 85' lang='lat' dir='ltr'><strong>graviorem</strong></span> 
     </span>
     <span class='ocr_line' id='line_1_14' title="bbox 702 2271 2710 2366; baseline -0.001 -23"><span class='ocrx_word' id='word_1_76' title='bbox 702 2271 947 2343; x_wconf 85' lang='lat' dir='ltr'><strong>incidit</strong></span> <span class='ocrx_word' id='word_1_77' title='bbox 1014 2295 1361 2366; x_wconf 74' lang='lat' dir='ltr'><strong>poenamz,</strong></span> <span class='ocrx_word' id='word_1_78' title='bbox 1421 2272 1478 2341; x_wconf 91' lang='lat' dir='ltr'><strong>si</strong></span> <span class='ocrx_word' id='word_1_79' title='bbox 1537 2294 1678 2341; x_wconf 89' lang='grc'><strong>11011</strong></span> <span class='ocrx_word' id='word_1_80' title='bbox 1727 2273 1792 2339; x_wconf 80' lang='lat' dir='ltr'><strong>vi</strong></span> <span class='ocrx_word' id='word_1_81' title='bbox 1850 2273 2155 2341; x_wconf 85' lang='lat' dir='ltr'><strong>muneris</strong></span> <span class='ocrx_word' id='word_1_82' title='bbox 2203 2283 2439 2343; x_wconf 87' lang='lat' dir='ltr'><strong>custos</strong></span> <span class='ocrx_word' id='word_1_83' title='bbox 2484 2273 2710 2342; x_wconf 88' lang='lat' dir='ltr'><strong>harum</strong></span> 
     </span>
     <span class='ocr_line' id='line_1_15' title="bbox 704 2397 2713 2491; baseline -0 -26"><span class='ocrx_word' id='word_1_84' title='bbox 704 2398 1164 2491; x_wconf 86' lang='lat' dir='ltr'><strong>pecuniarum</strong></span> <span class='ocrx_word' id='word_1_85' title='bbox 1212 2405 1364 2483; x_wconf 84' lang='lat' dir='ltr'><strong>est,</strong></span> <span class='ocrx_word' id='word_1_86' title='bbox 1416 2397 1600 2464; x_wconf 86' lang='lat' dir='ltr'><strong>actio</strong></span> <span class='ocrx_word' id='word_1_87' title='bbox 1659 2407 1938 2465; x_wconf 89' lang='lat' dir='ltr'><strong>tantum</strong></span> <span class='ocrx_word' id='word_1_88' title='bbox 1995 2397 2212 2467; x_wconf 84' lang='lat' dir='ltr'><strong>civilis</strong></span> <span class='ocrx_word' id='word_1_89' title='bbox 2261 2400 2610 2488; x_wconf 87' lang='lat' dir='ltr'><strong>nascitur,</strong></span> <span class='ocrx_word' id='word_1_90' title='bbox 2654 2408 2713 2466; x_wconf 88' lang='lat' dir='ltr'><strong>et</strong></span> 
     </span>
     <span class='ocr_line' id='line_1_16' title="bbox 704 2518 2713 2614; baseline -0.001 -22"><span class='ocrx_word' id='word_1_91' title='bbox 704 2524 765 2592; x_wconf 89' lang='lat' dir='ltr'><strong>si</strong></span> <span class='ocrx_word' id='word_1_92' title='bbox 834 2520 978 2593; x_wconf 90' lang='lat' dir='ltr'><strong>fide</strong></span> <span class='ocrx_word' id='word_1_93' title='bbox 1050 2520 1313 2592; x_wconf 88' lang='lat' dir='ltr'><strong>abusus</strong></span> <span class='ocrx_word' id='word_1_94' title='bbox 1386 2518 1596 2590; x_wconf 89' lang='lat' dir='ltr'><strong>fuerit</strong></span> <span class='ocrx_word' id='word_1_95' title='bbox 1667 2523 1738 2589; x_wconf 90' lang='lat' dir='ltr'><strong>in</strong></span> <span class='ocrx_word' id='word_1_96' title='bbox 1809 2544 2110 2614; x_wconf 88' lang='lat' dir='ltr'><strong>poenam</strong></span> <span class='ocrx_word' id='word_1_97' title='bbox 2169 2524 2613 2593; x_wconf 85' lang='lat' dir='ltr'><strong>constitutam</strong></span> <span class='ocrx_word' id='word_1_98' title='bbox 2654 2523 2713 2590; x_wconf 90' lang='lat' dir='ltr'><strong>in</strong></span> 
     </span>
     <span class='ocr_line' id='line_1_17' title="bbox 706 2643 2714 2742; baseline -0.002 -24"><span class='ocrx_word' id='word_1_99' title='bbox 706 2653 847 2718; x_wconf 85' lang='lat' dir='ltr'><strong>art⁰</strong></span> <span class='ocrx_word' id='word_1_100' title='bbox 938 2645 1087 2718; x_wconf 78' lang='lat'><strong>408</strong></span> <span class='ocrx_word' id='word_1_101' title='bbox 1168 2646 1243 2718; x_wconf 89' lang='lat' dir='ltr'><strong>C.</strong></span> <span class='ocrx_word' id='word_1_102' title='bbox 1330 2647 1409 2716; x_wconf 93' lang='lat' dir='ltr'><strong>P.</strong></span> <span class='ocrx_word' id='word_1_103' title='bbox 1436 2699 1459 2734; x_wconf 88' lang='lat'>‚</span> <span class='ocrx_word' id='word_1_104' title='bbox 1542 2645 1807 2715; x_wconf 86' lang='lat' dir='ltr'><strong>incidit.</strong></span> <span class='ocrx_word' id='word_1_105' title='bbox 1936 2643 2436 2737; x_wconf 84' lang='lat' dir='ltr'><strong>Quaerendum</strong></span> <span class='ocrx_word' id='word_1_106' title='bbox 2529 2650 2714 2742; x_wconf 84' lang='lat' dir='ltr'><strong>igitur</strong></span> 
     </span>
     <span class='ocr_line' id='line_1_18' title="bbox 708 2771 2715 2869; baseline -0.001 -27"><span class='ocrx_word' id='word_1_107' title='bbox 708 2782 815 2842; x_wconf 90' lang='lat' dir='ltr'><strong>est</strong></span> <span class='ocrx_word' id='word_1_108' title='bbox 892 2796 1064 2842; x_wconf 91' lang='lat' dir='ltr'><strong>num</strong></span> <span class='ocrx_word' id='word_1_109' title='bbox 1160 2771 1604 2863; x_wconf 80' lang='lat' dir='ltr'><strong>magistratus</strong></span> <span class='ocrx_word' id='word_1_110' title='bbox 1629 2822 1652 2860; x_wconf 87' lang='lat'>‚</span> <span class='ocrx_word' id='word_1_111' title='bbox 1753 2772 1870 2840; x_wconf 92' lang='lat' dir='ltr'><strong>cui</strong></span> <span class='ocrx_word' id='word_1_112' title='bbox 1949 2771 2256 2842; x_wconf 88' lang='lat' dir='ltr'><strong>officium</strong></span> <span class='ocrx_word' id='word_1_113' title='bbox 2335 2775 2715 2869; x_wconf 86' lang='lat' dir='ltr'><strong>impositum</strong></span> 
     </span>
     <span class='ocr_line' id='line_1_19' title="bbox 710 2896 2716 2992; baseline -0.001 -26"><span class='ocrx_word' id='word_1_114' title='bbox 710 2907 816 2966; x_wconf 89' lang='lat' dir='ltr'><strong>est</strong></span> <span class='ocrx_word' id='word_1_115' title='bbox 909 2896 1441 2986; x_wconf 85' lang='lat' dir='ltr'><strong>consignationis</strong></span> <span class='ocrx_word' id='word_1_116' title='bbox 1539 2917 1781 2964; x_wconf 87' lang='lat' dir='ltr'><strong>caussa</strong></span> <span class='ocrx_word' id='word_1_117' title='bbox 1881 2896 2316 2966; x_wconf 88' lang='lat' dir='ltr'><strong>custodiendi</strong></span> <span class='ocrx_word' id='word_1_118' title='bbox 2409 2899 2716 2992; x_wconf 85' lang='lat' dir='ltr'><strong>pecunias</strong></span> 
     </span>
     <span class='ocr_line' id='line_1_20' title="bbox 710 3017 2717 3113; baseline -0 -25"><span class='ocrx_word' id='word_1_119' title='bbox 710 3019 965 3088; x_wconf 83' lang='lat' dir='ltr'><strong>aliasve</strong></span> <span class='ocrx_word' id='word_1_120' title='bbox 1056 3041 1163 3087; x_wconf 88' lang='lat' dir='ltr'><strong>res</strong></span> <span class='ocrx_word' id='word_1_121' title='bbox 1188 3070 1211 3108; x_wconf 87' lang='lat'>‚</span> <span class='ocrx_word' id='word_1_122' title='bbox 1308 3019 1363 3087; x_wconf 90' lang='lat' dir='ltr'><strong>si</strong></span> <span class='ocrx_word' id='word_1_123' title='bbox 1446 3017 1574 3088; x_wconf 90' lang='lat' dir='ltr'><strong>has</strong></span> <span class='ocrx_word' id='word_1_124' title='bbox 1645 3021 1978 3113; x_wconf 85' lang='lat' dir='ltr'><strong>pecunias</strong></span> <span class='ocrx_word' id='word_1_125' title='bbox 2073 3021 2362 3092; x_wconf 89' lang='lat' dir='ltr'><strong>sustulit</strong></span> <span class='ocrx_word' id='word_1_126' title='bbox 2382 3076 2405 3112; x_wconf 87' lang='lat'>‚</span> <span class='ocrx_word' id='word_1_127' title='bbox 2487 3022 2717 3094; x_wconf 85' lang='lat' dir='ltr'><strong>incidat</strong></span> 
     </span>
     <span class='ocr_line' id='line_1_21' title="bbox 708 3139 2716 3239; baseline 0 -25"><span class='ocrx_word' id='word_1_128' title='bbox 708 3145 783 3214; x_wconf 90' lang='lat' dir='ltr'><strong>in</strong></span> <span class='ocrx_word' id='word_1_129' title='bbox 854 3165 1151 3238; x_wconf 89' lang='lat' dir='ltr'><strong>poenam</strong></span> <span class='ocrx_word' id='word_1_130' title='bbox 1223 3141 1347 3211; x_wconf 87' lang='lat' dir='ltr'><strong>arti</strong></span> <span class='ocrx_word' id='word_1_131' title='bbox 1408 3139 1558 3212; x_wconf 83' lang='lat'><strong>169</strong></span> <span class='ocrx_word' id='word_1_132' title='bbox 1613 3144 1690 3214; x_wconf 92' lang='lat' dir='ltr'><strong>C.</strong></span> <span class='ocrx_word' id='word_1_133' title='bbox 1759 3143 1838 3214; x_wconf 91' lang='lat' dir='ltr'><strong>P.</strong></span> <span class='ocrx_word' id='word_1_134' title='bbox 1865 3143 1904 3215; x_wconf 63' lang='grc' dir='ltr'><strong>’.Ρ</strong></span> <span class='ocrx_word' id='word_1_135' title='bbox 2003 3147 2119 3214; x_wconf 90' lang='grc'><strong>0111</strong></span> <span class='ocrx_word' id='word_1_136' title='bbox 2166 3150 2557 3239; x_wconf 87' lang='lat' dir='ltr'><strong>quaestioni</strong></span> <span class='ocrx_word' id='word_1_137' title='bbox 2597 3170 2716 3218; x_wconf 91' lang='lat' dir='ltr'><strong>om-</strong></span> 
     </span>
     <span class='ocr_line' id='line_1_22' title="bbox 710 3266 2716 3361; baseline 0 -23"><span class='ocrx_word' id='word_1_138' title='bbox 710 3271 879 3339; x_wconf 87' lang='lat' dir='ltr'><strong>nino</strong></span> <span class='ocrx_word' id='word_1_139' title='bbox 961 3266 1369 3338; x_wconf 87' lang='lat' dir='ltr'><strong>affirmando</strong></span> <span class='ocrx_word' id='word_1_140' title='bbox 1455 3267 2020 3361; x_wconf 87' lang='lat' dir='ltr'><strong>respondendum</strong></span> <span class='ocrx_word' id='word_1_141' title='bbox 2093 3293 2242 3340; x_wconf 89' lang='lat' dir='ltr'><strong>esse</strong></span> <span class='ocrx_word' id='word_1_142' title='bbox 2313 3273 2490 3344; x_wconf 92' lang='lat' dir='ltr'><strong>mihi</strong></span> <span class='ocrx_word' id='word_1_143' title='bbox 2560 3271 2716 3342; x_wconf 85' lang='lat' dir='ltr'><strong>vide-</strong></span> 
     </span>
     <span class='ocr_line' id='line_1_23' title="bbox 717 3393 2718 3490; baseline -0.002 -23"><span class='ocrx_word' id='word_1_144' title='bbox 717 3408 836 3467; x_wconf 87' lang='lat' dir='ltr'><strong>tur</strong></span> <span class='ocrx_word' id='word_1_145' title='bbox 859 3449 879 3485; x_wconf 82' lang='lat'>‚</span> <span class='ocrx_word' id='word_1_146' title='bbox 958 3405 1028 3464; x_wconf 89' lang='lat' dir='ltr'><strong>et</strong></span> <span class='ocrx_word' id='word_1_147' title='bbox 1076 3395 1449 3489; x_wconf 85' lang='lat' dir='ltr'><strong>praecipue</strong></span> <span class='ocrx_word' id='word_1_148' title='bbox 1526 3393 1810 3487; x_wconf 91' lang='lat' dir='ltr'><strong>quidem</strong></span> <span class='ocrx_word' id='word_1_149' title='bbox 1879 3409 2168 3490; x_wconf 87' lang='lat' dir='ltr'><strong>propter</strong></span> <span class='ocrx_word' id='word_1_150' title='bbox 2237 3398 2363 3468; x_wconf 87' lang='grc'><strong>1135</strong></span> <span class='ocrx_word' id='word_1_151' title='bbox 2425 3421 2718 3470; x_wconf 84' lang='lat' dir='ltr'><strong>caussas.-</strong></span> 
     </span>
    </p>

    <p class='ocr_par' dir='ltr' id='par_1_5' title="bbox 716 3517 2722 4112">
     <span class='ocr_line' id='line_1_24' title="bbox 862 3517 2718 3594; baseline 0 -6"><span class='ocrx_word' id='word_1_152' title='bbox 862 3517 942 3588; x_wconf 77' lang='grc' dir='ltr'><strong>1Ο</strong></span> <span class='ocrx_word' id='word_1_153' title='bbox 992 3519 1079 3587; x_wconf 86' lang='grc'><strong>111</strong></span> <span class='ocrx_word' id='word_1_154' title='bbox 1168 3517 1377 3588; x_wconf 90' lang='lat' dir='ltr'><strong>modo</strong></span> <span class='ocrx_word' id='word_1_155' title='bbox 1473 3519 1906 3590; x_wconf 88' lang='lat' dir='ltr'><strong>custodiendi</strong></span> <span class='ocrx_word' id='word_1_156' title='bbox 1987 3533 2057 3591; x_wconf 89' lang='lat' dir='ltr'><strong>et</strong></span> <span class='ocrx_word' id='word_1_157' title='bbox 2143 3524 2546 3594; x_wconf 88' lang='lat' dir='ltr'><strong>remittendi</strong></span> <span class='ocrx_word' id='word_1_158' title='bbox 2624 3544 2718 3592; x_wconf 84' lang='lat' dir='ltr'><strong>eas</strong></span> 
     </span>
     <span class='ocr_line' id='line_1_25' title="bbox 716 3641 2720 3740; baseline 0 -26"><span class='ocrx_word' id='word_1_159' title='bbox 716 3645 1045 3738; x_wconf 87' lang='lat' dir='ltr'><strong>pecunias</strong></span> <span class='ocrx_word' id='word_1_160' title='bbox 1071 3697 1101 3733; x_wconf 85' lang='lat'><strong>‚-</strong></span> <span class='ocrx_word' id='word_1_161' title='bbox 1166 3643 1351 3713; x_wconf 91' lang='lat' dir='ltr'><strong>idem</strong></span> <span class='ocrx_word' id='word_1_162' title='bbox 1422 3641 1637 3713; x_wconf 89' lang='lat' dir='ltr'><strong>debet</strong></span> <span class='ocrx_word' id='word_1_163' title='bbox 1708 3643 2072 3715; x_wconf 87' lang='lat' dir='ltr'><strong>observare</strong></span> <span class='ocrx_word' id='word_1_164' title='bbox 2097 3698 2117 3734; x_wconf 83' lang='lat'><strong>,</strong></span> <span class='ocrx_word' id='word_1_165' title='bbox 2191 3647 2388 3740; x_wconf 90' lang='lat' dir='ltr'><strong>quod</strong></span> <span class='ocrx_word' id='word_1_166' title='bbox 2463 3651 2535 3718; x_wconf 91' lang='lat' dir='ltr'><strong>in</strong></span> <span class='ocrx_word' id='word_1_167' title='bbox 2592 3669 2720 3717; x_wconf 89' lang='lat' dir='ltr'><strong>cus-</strong></span> 
     </span>
     <span class='ocr_line' id='line_1_26' title="bbox 720 3767 2722 3866; baseline 0 -30"><span class='ocrx_word' id='word_1_168' title='bbox 720 3767 907 3836; x_wconf 89' lang='lat' dir='ltr'><strong>todia</strong></span> <span class='ocrx_word' id='word_1_169' title='bbox 993 3768 1328 3860; x_wconf 89' lang='lat' dir='ltr'><strong>pecuniae</strong></span> <span class='ocrx_word' id='word_1_170' title='bbox 1416 3768 1753 3852; x_wconf 76' lang='lat' dir='ltr'><strong>civitati53</strong></span> <span class='ocrx_word' id='word_1_171' title='bbox 1838 3767 2145 3838; x_wconf 86' lang='lat' dir='ltr'><strong>diversae</strong></span> <span class='ocrx_word' id='word_1_172' title='bbox 2227 3772 2411 3841; x_wconf 88' lang='lat' dir='ltr'><strong>enim</strong></span> <span class='ocrx_word' id='word_1_173' title='bbox 2498 3769 2722 3866; x_wconf 86' lang='lat' dir='ltr'><strong>speciei</strong></span> 
     </span>
     <span class='ocr_line' id='line_1_27' title="bbox 718 3892 2720 3988; baseline 0 -27"><span class='ocrx_word' id='word_1_174' title='bbox 718 3892 1057 3988; x_wconf 88' lang='lat' dir='ltr'><strong>pecuniae</strong></span> <span class='ocrx_word' id='word_1_175' title='bbox 1125 3893 1197 3960; x_wconf 91' lang='lat' dir='ltr'><strong>in</strong></span> <span class='ocrx_word' id='word_1_176' title='bbox 1265 3915 1486 3962; x_wconf 90' lang='lat' dir='ltr'><strong>unum</strong></span> <span class='ocrx_word' id='word_1_177' title='bbox 1545 3893 1887 3962; x_wconf 86' lang='lat' dir='ltr'><strong>aerarium</strong></span> <span class='ocrx_word' id='word_1_178' title='bbox 1955 3893 2322 3988; x_wconf 88' lang='lat' dir='ltr'><strong>publicum</strong></span> <span class='ocrx_word' id='word_1_179' title='bbox 2385 3897 2720 3968; x_wconf 87' lang='lat' dir='ltr'><strong>conferun-</strong></span> 
     </span>
     <span class='ocr_line' id='line_1_28' title="bbox 720 4015 1680 4112; baseline -0.002 -25"><span class='ocrx_word' id='word_1_180' title='bbox 720 4031 839 4090; x_wconf 87' lang='lat' dir='ltr'><strong>tur</strong></span> <span class='ocrx_word' id='word_1_181' title='bbox 862 4071 885 4110; x_wconf 87' lang='lat'><strong><em>,</em></strong></span> <span class='ocrx_word' id='word_1_182' title='bbox 959 4015 1181 4087; x_wconf 87' lang='lat' dir='ltr'><strong>donec</strong></span> <span class='ocrx_word' id='word_1_183' title='bbox 1254 4029 1680 4112; x_wconf 85' lang='lat' dir='ltr'><strong>repetantur.</strong></span> 
     </span>
    </p>
   </div>
   <div class='ocr_carea' id='block_1_4' title="bbox 2860 196 2884 2375">
    <p class='ocr_par' dir='ltr' id='par_1_6' title="bbox 2860 196 2884 2375">
     <span class='ocr_line' id='line_1_29' title="bbox 2860 196 2884 2375; baseline 0 0"><span class='ocrx_word' id='word_1_184' title='bbox 2860 196 2884 2375; x_wconf 95' lang='lat' dir='ltr'><strong> </strong></span> 
     </span>
    </p>
   </div>
  </div>
 </body>
</html>
