2934 5102
1192 637 1290 708 15

221 851 490 922 lionum
517 902 536 939 ,
599 848 898 942 jubetur
966 847 1320 938 Tabellio‚
1400 861 1809 919 testamenta
1882 849 2063 918 inter
2128 850 2256 919 ori-

221 975 473 1068 ginalia
546 975 900 1066 reciperet,
971 972 1114 1043 duo
1203 985 1435 1044 tamen
1511 985 1784 1044 exstant
1854 974 2130 1044 articuli
2218 995 2259 1042 e

217 1099 483 1194 quibus
541 1110 874 1192 apparet,
931 1097 1113 1168 illud
1160 1098 1460 1168 voluisse
1517 1098 2026 1190 legislatorem3
2082 1099 2260 1169 alter

222 1235 356 1292 art.
427 1234 530 1292 est
602 1219 747 1291 987
814 1222 889 1291 C.
963 1222 1038 1291 C.
1097 1223 1300 1316 cujus
1362 1223 1458 1292 al²
1523 1223 1660 1293 ult‘
1718 1224 1817 1294 sio
1874 1222 2111 1294 audit:

373 1373 404 1415 «
432 1347 536 1417 De
606 1344 964 1417 beslotene
1037 1345 1116 1415 of
1180 1346 1493 1438 geheime
1549 1350 1834 1418 niterste
1894 1348 2011 1419 wil
2074 1358 2261 1417 moet

223 1500 260 1542 «
291 1473 508 1543 onder
577 1471 667 1541 de
732 1473 1049 1541 minuten
1103 1494 1237 1540 van
1297 1471 1434 1542 den
1499 1473 1769 1544 Notaris
1828 1472 2088 1567 blijven
2143 1472 2259 1542 be·

225 1624 260 1666 α
289 1609 529 1667 rusten
557 1649 576 1684 ‚
648 1595 760 1666 die
817 1595 939 1665 dat
993 1586 1158 1665 stu'k
1221 1608 1615 1688 ontvangen
1671 1596 1923 1668 heeft.»
1974 1618 2076 1652 -—*-
2126 1598 2260 1668 Hic

223 1735 358 1794 art.
432 1722 662 1793 solum
728 1732 998 1814 spectat
1061 1733 1555 1791 testamentum
1622 1724 2035 1816 mysticumt,
2090 1746 2260 1816 quo·

225 1851 415 1918 niam
487 1859 722 1916 autem
793 1858 922 1914 art.
1001 1842 1145 1915 979
1205 1856 1481 1914 tantum
1552 1846 1804 1937 docet,
1878 1846 2071 1940 apud
2140 1848 2261 1917 Ta-

225 1974 607 2044 bellionem
701 1969 1193 2064 deponendum
1265 1993 1412 2040 esse
1500 1982 1989 2040 testamentum
2070 1971 2262 2041 holo-

230 2096 574 2191 graphum
602 2150 623 2184 ‚
697 2119 926 2190 neque
997 2095 1312 2165 additum
1391 2107 1543 2185 est,
1611 2096 1793 2166 inter
1860 2097 2093 2190 qualia
2164 2099 2264 2166 in·

231 2234 616 2293 strumenta
642 2272 662 2309 ‚
754 2219 1051 2290 dubium
1147 2221 1366 2288 oritur
1455 2244 1544 2289 an
1631 2219 1872 2313 regula
1974 2248 2005 2290 «
2030 2222 2263 2293 Inclu-

230 2349 334 2418 sio
423 2348 626 2417 unius
720 2345 1029 2415 exclusio
1118 2344 1403 2414 alterius
1428 2369 1489 2433 ,»
1582 2344 1695 2414 hie
1772 2345 1998 2416 valeat
2024 2398 2044 2435 ‚
2140 2345 2265 2418 sed

233 2472 413 2542 hanc
479 2470 988 2540 dubitationem
1061 2466 1248 2537 tollit
1321 2479 1485 2536 art¹¹⁸
1563 2466 1711 2538 990
1781 2470 1905 2539 ubi
1968 2470 2266 2564 jubetur

231 2597 543 2667 Tabellio
569 2649 589 2686 ,
671 2606 952 2665 mortuo
1035 2604 1364 2663 testatore
1385 2645 1407 2682 ‚
1482 2592 1853 2665 admonere
1941 2618 2263 2688 personas

228 2744 534 2816 quarum
625 2721 907 2788 interest
932 2770 952 2807 ,
1034 2715 1226 2811 quod
1306 2717 1483 2787 inter
1577 2716 1966 2810 orifinalia,
2062 2731 2265 2789 testa-

227 2859 552 2917 mentum
673 2845 1160 2937 cujuscunque
1269 2841 1537 2934 generis
1650 2841 2041 2937 depositum
2146 2843 2265 2913 ha-

231 2972 378 3043 bet.
503 2970 1021 3039 Testamentum
1089 2967 1304 3059 igitur
1373 2966 1885 3062 holographum
1951 2992 2081 3041 nec
2126 2994 2265 3041 non

230 3097 608 3191 mysticum
679 3094 861 3163 inter
929 3091 1283 3185 originalia
1351 3092 1791 3165 referendum
1862 3107 1993 3166 est.

383 3220 614 3291 Verba
693 3219 864 3311 legis
943 3217 988 3287 9
1069 3219 1113 3287 J
1117 3217 1237 3288 ulii
1317 3240 1427 3286 an.
1502 3215 1696 3287 1842
1774 3233 1904 3290 art.
1974 3219 2065 3289 41
2142 3223 2265 3315 qui

229 3348 332 3418 sic
435 3343 656 3417 audit.
787 3370 820 3411 «
850 3342 954 3413 De
1055 3344 1432 3413 notarissen
1530 3345 1782 3437 mogon
1886 3357 2029 3417 met
2134 3348 2265 3417 uit-

235 3498 270 3540 «
299 3469 672 3562 zondering
779 3492 908 3537 van
1019 3490 1239 3538 eenen
1333 3469 1406 3537 in
1507 3466 1860 3562 bewaring
1962 3494 2265 3564 gegeven

235 3624 271 3665 «
299 3593 923 3689 holographisohen
1005 3594 1341 3663 uitersten
1423 3592 1535 3662 wil
1562 3624 1589 3681 ‚·
1655 3616 1869 3685 geene
1948 3597 2265 3667 minuten

235 3723 404 3792 «uit
484 3720 724 3790 hunno
798 3717 1077 3788 handen
1161 3741 1423 3811 gemn,
1520 3716 1765 3788 anders
1858 3719 1996 3790 dan
2089 3735 2264 3793 etc.»

231 3847 545 3917 indicant
625 3854 1122 3915 testamentum
1206 3841 1722 3937 holographum
1804 3868 2028 3915 unum
2120 3871 2269 3919 esso

231 3996 322 4043 ex
393 3972 474 4041 iis
541 3970 1020 4040 instrumentis
1099 3991 1282 4063 quae
1356 3967 1653 4038 minutim
1729 3968 2104 4042 dicuntur:
2180 3976 2269 4043 vi-

231 4096 529 4166 deamus
621 4116 763 4187 quo
852 4096 1014 4185 jure
1039 4091 1077 4162 ‘2
1178 4103 1672 4164 testamentum
1766 4097 2101 4189 quamdiu
2196 4100 2267 4171 in
