2934 5102
1184 626 1276 699 91

224 863 453 911 earum
525 862 709 933 quae
764 835 1103 907 nonnullis
1150 835 1582 931 depositariis
1629 837 2054 909 Custodibus
2100 836 2247 931 Hy-

224 964 704 1057 pothecarum‚
757 984 966 1031 curae
1014 960 1326 1031 mandari
1361 960 1588 1031 solent
1637 958 1788 1058 (1).·,
1835 964 2248 1032 instrumen-

224 1100 287 1157 ta
336 1088 495 1157 volo
542 1110 723 1180 quae
770 1086 1107 1157 dicuntur
1152 1084 1453 1179 Effecten
1501 1110 1632 1157 aaa
1679 1088 1995 1167 toonder;
2066 1111 2248 1181 quae

222 1225 377 1282 sunt
424 1211 809 1281 dominium
856 1212 1203 1279 minorum
1272 1222 1392 1279 aut
1440 1234 1680 1280 eorum
1731 1213 1852 1305 qui
1901 1223 2066 1281 sunt
2111 1210 2248 1281 sub

222 1360 379 1405 cura
430 1348 879 1422 curatorum,
926 1332 1039 1405 off.
1091 1345 1251 1403 artt.
1299 1331 1438 1403 591
1493 1346 1564 1404 et
1611 1333 1756 1405 506
1804 1336 1881 1425 C.
1930 1336 2005 1406 C.
2107 1334 2248 1405 Lex

221 1457 313 1529 26
358 1485 452 1530 m.
502 1460 668 1551 maji
718 1456 907 1528 1841
939 1510 959 1548 ,
1028 1458 1314 1527 mandat
1370 1459 1624 1529 horum
1673 1459 2059 1530 custodiam
2107 1459 2250 1530 dic-

223 1596 359 1655 tam
390 1583 989 1677 Consiqnationem,
1034 1585 1106 1653 in
1157 1582 1333 1653 urbe
1380 1584 1450 1651 in
1499 1607 1638 1676 qua
1688 1596 1794 1653 est
1839 1585 2044 1654 Curia
2086 1584 2249 1654 Pro-

226 1709 562 1798 vinciali3‚
606 1708 1179 1802 Hypothecarum
1228 1707 1652 1779 Custodibus
1705 1720 1776 1777 et
1821 1708 2032 1779 simul
2077 1704 2251 1777 Gra·

224 1833 486 1926 phiario
539 1833 753 1925 hujus
812 1832 1106 1922 Curiae,
1181 1831 1271 1901 cf.
1321 1844 1449 1901 art.
1502 1828 1542 1900 1
1597 1832 1794 1924 Legis
1841 1857 1897 1901 s.
1947 1832 2040 1918 l.;
2109 1855 2253 1902 non

225 1982 382 2050 ergo
426 1958 861 2049 magistratui
909 1958 1030 2050 qui
1078 1956 1435 2049 vectigalia
1471 1956 1756 2049 publica
1795 1958 2043 2049 exigit,
2089 1957 2254 2049 quia

226 2093 592 2175 praecepta
642 2104 823 2173 quae
872 2080 1296 2167 observanda
1346 2092 1512 2149 sunt
1558 2080 1826 2151 custodi
1868 2083 2021 2174 ejus
2061 2080 2254 2175 quod

226 2231 343 2275 nos
401 2206 699 2275 dicimus
754 2203 1299 2297 oonsiynatie-kas
1321 2255 1342 2293 ‚
1413 2205 1696 2273 minime
1741 2206 1809 2273 in
1858 2205 2112 2277 haecce
2157 2206 2256 2273 in-

228 2342 608 2400 strumenta
659 2327 1045 2422 quadrant,
1119 2328 1283 2398 licet
1330 2352 1467 2398 non
1517 2330 1744 2398 minus
1791 2353 1998 2423 quam
2045 2353 2256 2423 pecu-

227 2456 373 2524 niae
420 2455 627 2525 certis
685 2452 958 2522 casibus
1014 2451 1463 2545 deponendae
1489 2505 1509 2542 ‚
1565 2475 1674 2523 res
1729 2455 2255 2547 consignationis

230 2604 467 2654 caussa
516 2579 867 2672 depositae
916 2577 1208 2648 dicenda
1256 2579 1414 2646 sint.
1528 2577 1798 2646 Horum
1844 2580 2256 2648 instrumen-

229 2716 457 2774 torum
543 2703 1057 2794 consignatione
1132 2700 1443 2794 persecta
1470 2752 1492 2788 ‚
1576 2701 2010 2772 inscribenda
2090 2714 2257 2772 sunt

227 2843 377 2898 acta
452 2827 541 2896 de
618 2839 931 2921 tempore
988 2839 1059 2896 et
1124 2827 1339 2919 ipsius
1392 2825 1688 2918 depositi
1741 2827 2258 2919 opportunitate

227 2954 291 3022 in
352 2951 614 3022 tabulis
640 3001 661 3042 ‚
736 2952 901 3022 huic
960 2950 1245 3021 consilio
1292 2951 1495 3020 unice
1542 2949 1898 3022 destinatis
1921 3003 1944 3042 ‚
2015 2950 2259 3022 eodem

228 3077 439 3148 modo
512 3099 551 3145 a
623 3075 1053 3170 depositoriis
1128 3075 1625 3148 custodiendiS.

371 3203 472 3271 V0
524 3198 1239 3271 Animadvertendum
1277 3200 1558 3271 tandem
1593 3212 1697 3270 est
1731 3201 1820 3270 de
1841 3203 2084 3294 quinta
2109 3226 2260 3295 spe·

226 3327 329 3396 cie
364 3325 1028 3414 instrumentorum,
1065 3349 1247 3418 quae
1282 3348 1465 3394 unus
1500 3335 1776 3394 tantum
1816 3322 2260 3418 Hypotheca-

226 3474 386 3520 rum
437 3449 685 3518 Custos
736 3448 1026 3540 (scilieet
1074 3449 1129 3518 is
1177 3450 1300 3543 qui
1346 3448 1582 3540 Hagae
1631 3449 1911 3518 Comitis
1957 3447 2260 3544 habitat)

225 3575 411 3644 inter
446 3583 672 3642 cetera
708 3573 1165 3642 instrumenta
1200 3571 1548 3678 custodire
1581 3571 1814 3641 debet.
1889 3572 2095 3664 Regis
2143 3572 2264 3642 de-

225 3709 423 3768 creto
447 3693 538 3764 21
572 3721 667 3766 m.
694 3697 737 3765 J
742 3698 884 3766 unii
909 3693 1104 3766 1856
1132 3695 1562 3794 (Staatsblad
1575 3702 1676 3766 n0.
1698 3693 1828 3792 41)
1854 3695 2260 3789 derogatum

226 3837 331 3894 cst
355 3845 487 3917 per
511 3820 872 3892 decretum
900 3820 945 3892 9
970 3846 1065 3891 m.
1090 3823 1261 3893 Nov.
1289 3819 1515 3912 1845,
1552 3845 1694 3916 quo
1719 3820 2003 3892 Custodi
2029 3821 2264 3917 Hypo-

353 4009 447 4086 (l)
532 4009 621 4068 Cf.
671 4016 780 4067 art.
838 4013 945 4082 14,
994 4011 1170 4088 Legis
1205 4013 1279 4070 26
1314 4031 1392 4069 m.
1426 4010 1566 4088 maji
1607 4013 1792 4082 1841,
1841 4011 1914 4069 de
1963 4011 2137 4070 certis
2170 4010 2265 4068 in-

228 4101 578 4161 strumentis
610 4103 1043 4179 consignandis·
