2934 5102
1100 613 1195 682 55

129 821 303 891 dem
381 821 645 913 generis
672 871 693 908 ‚
788 831 858 887 et
933 819 1246 912 ejusdem
1323 818 1582 888 formae
1608 873 1628 909 ‚
1730 823 1933 913 cujus
2008 834 2171 891 sunt

127 947 396 1038 scripta
471 947 544 1012 in
618 941 958 1012 ordinaria
1035 945 1444 1013 tractatione
1520 968 1920 1014 caussarum
1980 945 2169 1015 adhi-

131 1069 334 1155 bitaz,
433 1068 567 1138 hoc
644 1079 876 1136 tamen
948 1065 1354 1155 discrimen,
1429 1068 1609 1136 inter
1680 1068 1850 1137 haec
1927 1081 2007 1137 et
2047 1068 2169 1137 illa

127 1194 422 1262 interest
496 1191 687 1285 quod
786 1190 906 1259 illa
1001 1213 1083 1258 ex
1159 1192 1414 1282 scripta
1488 1192 1941 1262 instructione
2011 1217 2163 1286 perf

125 1315 474 1386 venientia
503 1368 523 1405 ,
585 1338 738 1383 ‘non
811 1315 882 1382 in
955 1313 1106 1384 foro
1176 1315 1711 1406 pronuntientur
1737 1368 1757 1404 ‚
1834 1315 1953 1385 sed
2026 1317 2165 1387 col-

129 1440 458 1509 locentur
531 1441 601 1507 in
675 1438 908 1508 archio
958 1449 1329 1531 postquam
1403 1461 1563 1530 pars
1614 1437 1895 1509 adversa
1947 1440 2163 1510 chiro-

129 1564 478 1657 graphum
554 1561 912 1651 subdidit,
987 1575 1058 1631 et
1132 1561 1607 1656 apographum
1686 1561 1989 1632 tradidit.

278 1687 667 1756 Videantur
715 1687 803 1756 de
852 1687 958 1756 his
1008 1671 1479 1755 instrumentis
1530 1697 1689 1754 artt.
1738 1682 2160 1756 164-175

127 1811 208 1881 C.
282 1810 372 1880 de
446 1810 664 1880 meth.
740 1834 931 1902 proc.
1006 1811 1077 1877 in
1151 1810 1227 1880 C.
1301 1810 1377 1880 C.

276 1935 382 2002 Ex
454 1943 618 2002 art0.
697 1931 792 2001 65
867 1933 955 2001 al.
1003 1930 1052 2000 2
1107 1945 1393 2026 apparet
1419 1986 1441 2024 ,
1490 1934 1769 2027 quando
1818 1947 1972 2005 acta
2018 1959 2157 2005 me-

125 2067 392 2128 morata
418 2111 441 2147 ‚
513 2081 596 2127 ex
667 2057 900 2127 archio
969 2057 1314 2127 deducere
1363 2057 1475 2128 lex
1522 2060 1745 2146 sinat3
1820 2060 2025 2130 verba
2083 2062 2153 2130 in

125 2181 266 2251 art⁰
309 2179 436 2250 ,65
515 2207 546 2249 «
577 2181 796 2252 buiten
862 2180 943 2252 de
992 2181 1283 2274 qevallen
1357 2180 1453 2274 sz’
1498 2182 1577 2254 de
1625 2192 1745 2254 wet
1793 2183 2065 2278 bepaald
2088 2211 2149 2275 ‚»

125 2309 272 2376 sine
345 2305 562 2376 dubio
618 2317 966 2400 postremo
1015 2307 1364 2376 nominata
1413 2307 1869 2377 instrumenta
1895 2361 1915 2397 ‚
1964 2333 2150 2378 nem·

124 2455 217 2524 pc
288 2430 408 2498 illa
478 2453 658 2523 quae
713 2429 990 2499 stukken
1035 2453 1161 2499 van
1209 2430 1609 2524 overtuiqinq
1656 2435 2146 2522 nominantur,

125 2568 486 2649 spectant:
566 2555 653 2624 de
734 2554 838 2624 his
914 2556 1099 2623 enim
1180 2555 1290 2623 lex
1362 2578 1886 2649 nonnumquam
1959 2560 2145 2649 agit,

127 2683 499 2773 praecipue
568 2680 640 2747 in
685 2677 874 2749 Cod.
941 2678 1029 2749 de
1087 2678 1302 2748 meth.
1353 2703 1543 2772 proc.
1592 2686 1664 2749 in
1710 2705 1927 2750 caus..
1943 2705 2145 2775 poen.

271 2802 504 2873 Verba
576 2804 646 2870 in
714 2804 1089 2895 posteriore
1158 2816 1355 2895 parte
1424 2804 1553 2873 arti
1637 2802 1731 2873 65
1806 2806 2001 2876 «Ter
2046 2806 2146 2877 in·

133 2954 161 2994 «
188 2951 343 3020 zaqe
413 2950 539 2997 van
607 2926 716 2996 het
780 2927 1037 3019 yeheele
1112 2926 1396 3021 Colleqie
1465 2936 1621 2999 etc.»
1672 2932 1889 3023 magis
1936 2934 2145 3025 respi-

130 3054 320 3120 ciunt
400 3062 552 3121 acta
609 3063 679 3119 et
736 3053 1190 3120 instrumenta
1262 3052 1427 3141 illa,
1474 3078 1679 3146 -quae
1751 3078 1876 3147 per
1947 3079 2143 3127 voca-

129 3176 294 3245 bula
368 3202 399 3243 «
427 3174 718 3245 minuten
743 3227 763 3261 ,
839 3173 1143 3267 reqisters
1210 3198 1288 3244 en
1335 3176 1613 3246 stukken
1660 3202 1790 3247 aaa
1834 3179 1944 3249 het
1995 3179 2143 3250 Col-

132 3327 159 3367 «
189 3300 348 3392 quie
418 3298 808 3370 behoorende
835 3325 866 3365 »
940 3298 1350 3369 indicantur.
1475 3300 1615 3370 Lex
1685 3302 1757 3370 in
1811 3302 1982 3373 Cod.
2051 3303 2141 3373 de

127 3423 335 3495 meth.
394 3446 586 3517 proc.
642 3424 714 3491 in
785 3422 860 3492 C.
921 3422 996 3492 C.
1054 3423 1312 3494 indicat
1370 3448 1609 3494 casum
1680 3449 1821 3518 quo
1877 3428 2139 3497 instru-

125 3560 354 3619 menta
431 3570 614 3641 quae
695 3570 828 3615 usu
907 3548 1194 3616 veniunt
1282 3548 1353 3616 in
1425 3548 1868 3619 dilucidanda
1945 3575 2140 3622 caus·

124 3698 190 3742 sa
217 3726 237 3762 ‚
305 3684 387 3741 ut
459 3671 775 3765 partibus
845 3670 932 3739 de
983 3670 1250 3741 delictis
1299 3683 1422 3741 aut
1489 3670 1687 3742 factis
1739 3676 2136 3767 persuaderi

121 3799 328 3890 possit
397 3796 674 3865 stukken
741 3819 869 3867 van
940 3795 1339 3889 overtuiqinq
1406 3798 1479 3865 in
1551 3795 1695 3869 art⁶.
1759 3796 1905 3869 194
1974 3803 2136 3873 coll.

123 3946 278 3991 cum
350 3920 660 3991 articulis
731 3916 876 3989 146
941 3932 1011 3989 et
1059 3917 1224 3989 228·
1253 3920 1521 3991 Codicis
1570 3947 1625 3991 s,
1678 3923 1725 3991 l.
1774 3948 1856 3993 ex
1906 3928 2137 3999 archio

123 4045 410 4115 deduci'
464 4056 800 4137 possunt3
896 4045 1012 4114 hic
1101 4046 1436 4116 articulus
1518 4050 1824 4119 continet
1903 4076 2139 4122 casum
