2934 5102
1627 584 1774 657 104

698 818 937 885 verse,
1013 794 1604 891 quemadmodum
1675 772 1755 866 ea
1813 821 1994 892 quae
2042 798 2130 867 ad
2175 798 2570 893 depositum
2608 800 2710 892 ju-

699 920 947 991 diciale
994 920 1477 1017 (Consiqnatie)
1529 923 1876 1015 pertinent
1898 976 1920 1010 ‚
1989 923 2246 1017 quibus
2320 926 2525 993 etiam
2577 925 2708 994 offi-

698 1047 887 1116 cium
937 1046 1117 1117 bene
1166 1046 1600 1117 custodiendi
1648 1047 2280 1141 comprehenditur.
2356 1045 2480 1119 Est
2514 1050 2710 1141 igitur

695 1184 1147 1266 praeceptum
1193 1171 1385 1266 quod
1432 1174 1711 1265 respicit
1758 1172 2010 1242 bonam
2077 1174 2512 1261 custodiam3
2583 1198 2708 1243 ma-

696 1299 1024 1389 gistratus
1072 1297 1192 1390 qui
1240 1296 1502 1366 dicitur
1545 1296 1972 1391 «Inspecteur
2019 1298 2481 1391 verificateur»
2505 1352 2525 1389 ,
2575 1299 2707 1369 offi-

695 1422 879 1490 cium
952 1432 1055 1489 est
1124 1422 1322 1513 queri
1393 1420 1482 1490 de
1553 1421 2123 1516 Hypothecarum
2210 1423 2518 1494 Custode
2598 1425 2706 1517 qui

690 1546 905 1639 ipsius
953 1557 1323 1638 praecepta
1372 1545 1554 1615 male
1601 1548 2042 1640 exsequitur,
2094 1550 2189 1617 ita
2239 1561 2323 1617 ut
2357 1550 2706 1643 inspectio·

690 1694 779 1741 ne
834 1669 1018 1740 facto
1064 1671 1131 1739 vi
1178 1670 1482 1739 muneris
1529 1672 1682 1761 sui,
1733 1695 1822 1740 an
1867 1674 2326 1742 instrumenta
2372 1675 2701 1743 minorum

690 1807 815 1865 aut
864 1818 1071 1873 curae
1118 1793 1600 1886 subjectorum
1645 1795 1826 1866 bene
1859 1807 2126 1867 servata
2161 1799 2337 1888 sint,
2387 1809 2701 1893 appareat

689 1920 899 1991 laesio
946 1922 1225 1989 minima
1254 1920 1490 2013 hujus
1537 1920 1742 1991 officii
1815 1921 2271 1992 custodiendi.
2397 1924 2464 1993 Si
2509 1921 2701 1991 viola-

688 2057 841 2114 tum
914 2056 1019 2115 est
1089 2044 1481 2138 depositum
1506 2097 1528 2134 ,
1579 2046 1956 2141 unicuique
2001 2050 2204 2139 eujus
2251 2050 2534 2119 interest
2593 2049 2701 2140 jus

680 2182 793 2239 est
816 2170 1051 2238 damni
1075 2170 1584 2241 resarcitionem
1631 2171 1954 2265 petendi,
2003 2183 2074 2241 et
2115 2194 2376 2265 poenae
2409 2174 2467 2241 si
2501 2194 2700 2267 quam

685 2294 799 2363 lex
872 2296 1179 2363 minatur
1243 2294 1743 2387 requirendaer,
1816 2294 2123 2365 officialis
2190 2296 2520 2390 publicus
2573 2318 2699 2365 non

683 2422 812 2490 nisi
880 2430 1215 2514 querente
1283 2431 1353 2489 et
1418 2432 1710 2512 rogante
1755 2433 1953 2515 parte
2001 2420 2229 2511 laesa,
2301 2434 2426 2492 aut
2471 2424 2700 2515 magis·

684 2558 875 2617 tratu
926 2544 1113 2616 dicto
1169 2570 1199 2613 «
1230 2542 1610 2642 Inspecteur
1655 2546 2067 2640 verificateur
2088 2574 2120 2616 »
2143 2598 2164 2638 ,
2213 2547 2552 2647 violatum
2593 2546 2699 2617 de·

682 2674 986 2766 positum
1034 2669 1506 2742 voluntarium
1581 2668 1818 2766 (cujus
1865 2673 2136 2764 generis'
2178 2684 2249 2742 et
2294 2685 2399 2743 est
2447 2673 2698 2768 deposi-

682 2810 840 2868 tum
888 2796 1077 2891 apud
1123 2797 1695 2891 Hypothecarum
1767 2795 2175 2894 Custodem)
2223 2801 2546 2894 persequi
2590 2821 2696 2893 po·

682 2925 844 2993 terit
917 2920 1055 3019 (1).

828 3046 1093 3116 Eadem
1162 3046 1315 3138 lege
1386 3071 1441 3118 s.
1495 3047 1548 3117 1.-
1593 3049 2089 3142 praescribitur
2133 3050 2692 3144 Hypotheearum

682 3171 1015 3262 Custodi,
1086 3195 1301 3266 quem
1370 3172 1460 3242 ad
1525 3173 1816 3244 modum
1885 3176 2344 3246 instrumenta
2401 3200 2483 3246 ea
2532 3195 2696 3269 quae

681 3298 1016 3370 dicuntur
1099 3321 1131 3366 «
1160 3295 1227 3368 E
1230 3298 1463 3391 ffecten
1543 3321 1674 3369 aan
1757 3299 2021 3369 toonder
2048 3325 2080 3368 »
2161 3299 2509 3370 custodire
2591 3299 2693 3367 de·

680 3423 844 3494 beat
868 3475 888 3512 ‚
962 3445 1215 3514 nempe
1280 3423 1352 3491 in
1424 3445 1580 3491 arca
1653 3423 1824 3491 certi
1889 3422 2256 3514 eujusdam
2307 3423 2571 3517 generis
2613 3420 2692 3490 cf.

680 3562 810 3619 art.
883 3546 933 3618 2
982 3519 1225 3641 'Legis.
1298 3571 1351 3616 s.
1428 3546 1477 3618 l.
1579 3547 1646 3616 Si
1720 3545 1886 3616 huic
1957 3561 2330 3642 praecepto
2399 3571 2540 3617 non
2587 3546 2696 3618 ob·

683 3687 1023 3769 temperat
1110 3671 1684 3767 Hypotheearum
1767 3671 2016 3742 Custos
2043 3723 2062 3760 ,
2147 3696 2230 3742 ex
2315 3695 2545 3742 errore
2633 3672 2693 3739 in

799 3971 889 4053 (1)
972 3972 1062 4030 Cf.
1094 3980 1202 4031 art.
1237 3975 1312 4030 22
1348 3972 1414 4030 C.
1448 3973 1523 4030 de
1571 3981 1693 4032 met
1743 3992 1899 4051 proc.
1942 3972 2006 4031 in
2055 3992 2241 4032 causS.
2291 3993 2497 4050 poem,
2537 3982 2594 4031 et
2634 3990 2693 4030 ea

674 4088 823 4148 quae
858 4066 1101 4145 exposui
1134 4066 1209 4124 ad
1243 4087 1373 4144 pag.
1410 4067 1505 4124 62.
