2934 5102
1672 611 1769 686 58

706 821 966 894 chium.
1090 821 1270 894 Acta
1346 823 1605 917 quibus
1692 823 1823 894 hae
1902 825 2281 894 sententiae
2350 825 2730 896 inscribun-

706 958 826 1016 tur
847 999 868 1034 ,
965 971 1102 1017 non
1172 947 1352 1018 inter
1421 971 1503 1018 ea
1576 970 1756 1041 quae
1849 948 2197 1040 pertinent
2268 946 2357 1016 ad
2426 949 2733 1020 tribunal

707 1081 871 1140 sunt
961 1070 1364 1160 referenda,
1456 1073 1619 1165 quia
1709 1070 1926 1166 plane·
1958 1072 2131 1141 -sine
2202 1071 2571 1144 tribunalis
2642 1076 2733 1143 in-

711 1205 1028 1264 terventu
1101 1195 1499 1286 judicatum
1590 1207 1737 1281 ests,
1829 1194 2277 1266 nihilominus
2338 1196 2729 1288 judicatum

706 1319 890 1387 inter
982 1315 1141 1389 octo
1235 1317 1379 1388 dies
1470 1318 1771 1389 refertur
1859 1321 2041 1388 inter
2132 1332 2285 1390 acta
2386 1321 2732 1412 originalia

710 1440 1139 1537 (minuten),
1209 1440 1298 1511 cf.
1371 1453 1501 1510 art.
1573 1439 1738 1512 659.
1807 1442 1884 1512 C.
1949 1441 2039 1511 de
2107 1443 2323 1512 meth.
2407 1468 2601 1537 proc.
2668 1445 2733 1513 in

709 1565 785 1635 C.
854 1565 930 1634 C.
1058 1565 1410 1635 Nonnulla
1502 1578 1667 1635 sunt
1758 1565 2183 1636 observanda
2276 1563 2729 1660 Graphiario,

708 1691 781 1759 in
849 1688 1242 1782 recipiendo
1307 1689 1497 1758 illius
1578 1688 1843 1758 arbitrii
1934 1701 2092 1760 actu
2122 1741 2144 1779 ‚
2235 1692 2401 1783 quia
2485 1693 2730 1762 instru-

707 1826 1024 1884 mentum
1117 1813 1205 1884 de
1293 1825 1575 1906 recepto
1646 1812 2051 1907 perficitur,
2142 1813 2337 1908 quod
2404 1826 2509 1884 aet
2572 1815 2729 1886 sub-

707 1938 1119 2032 signandum
1168 1962 1205 2006 a
1255 1933 1699 2031 Graphiario,
1772 1948 1842 2008 et
1906 1937 1999 2007 ab
2064 1961 2147 2006 eo
2198 1939 2322 2031 qui
2370 1937 2729 2032 deposuit,

707 2060 798 2133 cf.
870 2075 999 2131 art.
1073 2059 1240 2131 659.
1311 2061 1388 2132 C.
1456 2060 1547 2131 de
1594 2060 1811 2130 meth.
1852 2085 2051 2155 proc.
2099 2063 2171 2130 in
2217 2061 2293 2130 C.
2340 2062 2467 2148 C.;
2538 2087 2727 2133 eaus-

707 2210 781 2257 sa
850 2209 1067 2280 quare
1158 2185 1292 2254 hoe
1387 2185 1779 2278 depositum
1863 2184 1985 2254 has
2056 2184 2309 2256 formas
2378 2188 2725 2280 requirat,

707 2321 812 2380 est
881 2321 1110 2403 metus
1181 2308 1442 2379 fraudis
1510 2310 1582 2377 in
1645 2308 2099 2403 supponendo
2144 2308 2319 2379 falso
2366 2322 2489 2378 aut
2536 2310 2729 2380 adul-

705 2446 929 2504 terato
997 2433 1326 2519 arbitri03
1379 2455 1520 2503 non
1590 2432 1817 2502 solum
1872 2434 2103 2527 ipsum
2159 2432 2556 2524 arbitrium,
2614 2433 2727 2504 sed

706 2572 778 2631 et
845 2531 1330 2629 nominationis
1399 2569 1639 2627 actum
1704 2559 1777 2627 in
1846 2557 2079 2627 archio
2148 2557 2525 2652 deponitur
2546 2613 2567 2648 ,
2644 2558 2727 2630 cf.

707 2697 838 2756 art.
909 2681 1075 2753 640.
1145 2684 1220 2755 C.
1293 2682 1382 2753 de
1451 2681 1667 2752 meth.
1740 2705 1931 2775 proc.
2000 2682 2071 2750 in
2140 2681 2215 2752 C.
2288 2683 2364 2753 C.

853 2810 921 2877 Si
993 2806 1336 2877 hereditas
1405 2805 1738 2875 dividitur
1759 2857 1780 2894 ,
1862 2817 1932 2875 et
2001 2804 2291 2877 heredes
2358 2831 2499 2877 non
2566 2831 2728 2880 eon-

705 2933 880 3002 tenti
949 2942 1233 3024 accepta
1303 2942 1501 3022 parte
1563 2931 1743 2999 inter
1810 2953 1884 2999 se
1952 2929 2357 3023 disputant,
2425 2932 2727 3020 Tabellio

703 3058 1245 3127 instrumentum
1291 3052 1380 3123 de
1423 3052 1893 3147 disputatione
1914 3103 1937 3141 ‚
1996 3064 2067 3122 et
2114 3052 2203 3123 de
2251 3055 2537 3148 querela
2580 3080 2727 3151 per·

704 3178 896 3250 ficiet
923 3154 934 3163 ⁰
966 3190 1036 3248 et
1103 3176 1352 3247 referet
1422 3176 1512 3245 ad
1600 3175 1956 3264 archium,
2054 3176 2145 3246 ef.
2219 3190 2348 3247 art.
2420 3176 2587 3249 697.
2656 3180 2725 3249 C.

703 3304 794 3374 de
857 3304 1075 3374 meth.
1148 3325 1340 3396 proc.
1411 3302 1484 3370 in
1552 3300 1628 3369 C.
1700 3301 1825 3387 C.;
1918 3302 2145 3371 omnia
2232 3300 2405 3371 haec
2484 3304 2725 3373 instru-

701 3442 939 3501 menta
1003 3450 1184 3521 quae
1253 3427 1350 3496 sic
1423 3449 1464 3493 a
1533 3421 1943 3519 Graphiario
2010 3414 2503 3496 custodiuntur
2526 3480 2546 3516 ,
2593 3451 2727 3499 non

700 3556 1050 3648 pertinent
1139 3550 1228 3619 ad
1309 3550 1538 3643 ipsum
1610 3546 1940 3617 tribunal.
2063 3548 2471 3643 Depositum
2538 3548 2725 3644 quod

701 3678 785 3747 fit
851 3700 1082 3747 rerum
1108 3728 1129 3765 ‚
1201 3676 1273 3743 in
1345 3686 1567 3743 certas
1636 3695 1963 3766 personas
2030 3676 2579 3765 competentium
2650 3675 2727 3745 fit

699 3805 770 3873 in
843 3812 1113 3872 certum
1197 3811 1495 3892 tempus.
1622 3795 2029 3891 Depositum
2103 3820 2143 3864 a
2214 3820 2325 3867 me
2395 3821 2724 3869 memora-

703 3941 900 4015 tum,
959 3937 1036 3995 et
1088 3948 1126 3993 a
1183 3919 1599 4016 Graphiario
1654 3919 2043 4014 perfectum
2100 3920 2312 4011 igitur
2357 3920 2567 3992 dividi
2614 3936 2725 4017 po-

697 4065 873 4125 test.
923 4051 993 4119 in
1089 4047 1483 4141 temporale,
1574 4057 1644 4116 et
1744 4046 1797 4115 si
1890 4046 1986 4114 ita
2080 4043 2308 4115 dicere
2408 4044 2511 4116 fas
2580 4060 2723 4135 est,
