2934 5102
1708 645 1805 717 84

751 856 1218 951 Aliquatenus
1268 858 1399 928 hac
1442 859 1514 926 in
1549 881 1624 926 re
1661 858 1981 928 convenit
2016 881 2178 927 cum
2213 859 2613 949 magistratu
2643 857 2744 950 qui

754 984 924 1052 actis
958 995 1029 1052 et
1067 982 1328 1053 tabulis
1366 995 1588 1054 status
1635 983 1851 1052 civilis
1901 984 2217 1076 praeest,
2269 984 2432 1075 quia
2484 993 2744 1074 uterque

753 1106 1206 1202 depositarius
1254 1119 1357 1177 est
1406 1107 1988 1178 documentorum
2033 1106 2322 1202 publica
2371 1089 2745 1177 auctoritate

753 1233 1192 1301 constitutus,
1316 1231 1754 1322 Magistratus
1820 1234 2024 1324 cujus
2074 1231 2298 1300 officia
2345 1253 2525 1325 quae
2569 1229 2745 1324 depo·

750 1356 963 1425 situm
1009 1366 1326 1448 spectant
1374 1379 1564 1424 nunc
1613 1329 1951 1448 exponam
1976 1408 1997 1444 ‚
2063 1357 2244 1424 inter
2290 1379 2525 1426 omnes
2570 1354 2743 1446 depo-

752 1479 1017 1549 sitarios
1042 1532 1063 1567 ‚
1134 1478 1223 1548 de
1299 1480 1558 1573 quibus
1631 1482 1700 1550 in
1769 1480 1902 1550 hac
1947 1479 2426 1550 dissertatione
2471 1480 2624 1549 mihi
2662 1478 2744 1546 di-

753 1603 1053 1674 cendum
1124 1616 1273 1694 est,
1344 1604 1558 1698 vulgo
1627 1606 1848 1697 primo
1917 1604 2074 1675 loco
2137 1607 2532 1700 nuncupari
2572 1603 2744 1673 solet.

750 1728 904 1799 Hoc
953 1729 1112 1800 inde
1157 1730 1592 1823 potissimum
1638 1729 2131 1823 explicandum
2178 1742 2329 1819 est,
2387 1730 2568 1824 quod
2615 1752 2742 1818 cus7

753 1853 974 1943 todia,
1022 1856 1173 1947 ipso
1218 1856 1497 1924 nomine
1540 1855 1732 1948 quod
1767 1855 1943 1947 gerit
1958 1857 2107 1946 jam
2133 1855 2482 1926 indicatur
2511 1865 2742 1949 praete-

750 2002 914 2067 rea,
972 1978 1165 2072 quod
1216 2002 1452 2049 omnes
1499 1992 1806 2068 norunt,
1867 1992 2020 2050 acta
2068 1991 2138 2050 et
2187 1979 2467 2050 tabulas
2515 1978 2598 2048 ab
2640 1977 2743 2046 illo

752 2101 1097 2172 custodita
1132 2105 1510 2197 unicuique
1553 2117 1791 2197 patere
1809 2157 1830 2194 ,
1855 2103 2067 2198 idque
2093 2106 2154 2173 ei
2181 2129 2343 2174 cum
2370 2090 2742 2197 megisti-atu

751 2228 876 2319 qui
925 2228 1094 2297 actis
1152 2239 1223 2296 et
1294 2227 1555 2298 tabulis
1624 2241 1846 2299 status
1920 2228 2134 2298 civilis
2207 2231 2525 2322 praeest,
2591 2250 2742 2298 com-

747 2374 962 2420 mune
1008 2362 1160 2437 estt,
1232 2363 1532 2444 uterque
1578 2355 1760 2422 enim
1809 2364 1912 2422 est
1960 2352 2416 2446 depositarius
2463 2356 2744 2447 registro-

746 2498 904 2544 rum
944 2473 1429 2570 publicorum,
1477 2488 1546 2545 et
1588 2478 2210 2548 instrumentorum
2249 2503 2436 2574 quae
2479 2478 2568 2549 ab
2608 2499 2742 2548 uno-

746 2625 1032 2695 quoque
1057 2655 1079 2691 ,
1128 2626 1266 2672 non
1315 2613 1592 2672 tantum
1628 2602 1718 2672 ab
1753 2605 1831 2673 iis
1865 2627 2169 2698 quorum
2199 2607 2487 2675 interest
2535 2604 2631 2700 (de
2665 2602 2743 2672 be-

748 2725 1304 2821 lanyhebbenden)
1350 2729 1626 2823 inspici,
1679 2741 1748 2799 et
1796 2724 2106 2799 exhiberi
2155 2741 2236 2799 ut
2286 2729 2423 2801 loci
2467 2730 2622 2800 inde
2655 2750 2744 2797 ex·

750 2863 1169 2944 comantur,
1218 2865 1533 2944 possunt.

894 2974 1123 3045 Aliter
1167 2998 1276 3045 res
1322 3000 1469 3046 sese
1517 2976 1732 3047 habet
1778 2980 1849 3048 in
1896 2981 2198 3071 registris
2247 3004 2433 3074 quae
2476 2976 2745 3051 custodit

749 3101 849 3189 is,
921 3100 1042 3192 qui
1105 3099 1464 3194 vectigalia
1535 3102 1822 3197 publica
1877 3106 2087 3197 exigit
2154 3104 2284 3201 (de
2363 3102 2742 3197 Onlvanqer)

748 3248 1071 3319 quaeque
1142 3227 1343 3295 unice
1415 3226 1506 3297 ab
1577 3252 1660 3299 eo
1729 3231 1932 3321 cujus
2003 3231 2289 3301 interest
2358 3232 2599 3325 inspici
2648 3237 2744 3297 aut

748 3352 1022 3445 excerpi
1088 3363 1403 3445 possunt.
1529 3352 1854 3423 Ceterum
1911 3378 2020 3424 res
2066 3356 2214 3449 ipsa
2263 3355 2579 3451 loquitur
2617 3352 2744 3423 ridi·

747 3476 993 3547 culum
1038 3473 1247 3569 plane
1297 3475 1443 3545 fore
1466 3528 1490 3565 ,
1559 3477 1614 3545 si
1687 3475 2081 3570 depositarii
2149 3479 2422 3572 publici
2477 3476 2745 3551 muneris

747 3603 1078 3692 maJorcm
1114 3602 1534 3671 minoremve
1578 3603 2063 3672 auctoritatem
2089 3656 2110 3692 ‚
2160 3628 2245 3675 ex
2289 3606 2746 3675 instrumento·

746 3748 905 3793 rum
963 3748 1143 3817 quac
1204 3724 1512 3795 custodit
1561 3738 1914 3796 momento
1962 3725 2350 3820 dijudicare
2395 3730 2744 3801 vellemus:

742 3872 835 3917 nc
883 3847 1197 3917 dicamus
1244 3848 1628 3919 istiusmodi
1668 3849 2018 3941 judicium
2066 3852 2562 3924 difficillimum
2608 3873 2745 3923 esse.

742 3974 897 4044 Hoc
946 3998 1108 4044 vero
1180 3986 1452 4045 certum
1501 3985 1605 4044 est
1661 3972 2240 4069 Hypothecarum
2299 3977 2668 4049 Custodem
2703 3974 2745 4043 si

739 4124 1074 4171 numerus
1146 4099 1728 4170 documentorum
1795 4124 1976 4194 quae
2024 4102 2330 4173 custodit
2377 4114 2744 4199 spectatur,

2859 2353 2862 2526 l

2857 2598 2860 2757 l

2855 2826 2858 2985 l

2853 3042 2856 3215 l

2851 3284 2854 3443 l

2847 3714 2850 3901 l

2845 3940 2848 4131 l

2841 4158 2846 4371 l
