2934 5102
1169 625 1311 698 119
1388 713 1411 730 ‚

372 837 474 906 Ex
542 835 911 930 praedictis
984 837 1149 910 satis
1220 849 1508 930 apparet
1558 838 1791 930 inepta
1842 861 2133 940 prorsus
2173 851 2245 912 et

232 961 401 1032 falsa
484 963 692 1031 etiam
775 984 921 1031 esse
999 958 1258 1030 verba:
1343 986 1374 1029 «
1404 960 1524 1031 kas
1617 961 1735 1033 der
1825 962 2247 1056 yereytelejlee

227 1110 305 1156 en
349 1085 719 1180 vmjwilliye
773 1084 1213 1179 consiqnatien
1243 1109 1273 1152 »
1333 1108 1514 1178 quae
1564 1086 1898 1179 leguntur
1943 1089 2012 1157 in
2062 1090 2246 1182 prin-

229 1214 410 1307 cipio
502 1211 831 1306 epistolae
878 1236 931 1280 s.
1007 1210 1108 1296 l.:,
1205 1210 1627 1280 vocabulum
1725 1213 1906 1281 enim
1979 1213 2246 1306 vr-{q‘wil-
2319 1263 2326 1270 -

228 1336 354 1430 liqe
374 1391 395 1428 ,
469 1336 661 1431 quod
706 1336 796 1406 ad
844 1335 1267 1406 vocabulum
1319 1335 1763 1429 consiynatien
1807 1336 2250 1408 referendum

227 1474 331 1533 est
358 1515 379 1552 ,
428 1447 688 1532 indicat
745 1463 1081 1532 rationem
1133 1459 1570 1552 obligationis
1611 1460 2083 1553 judiciariam,
2133 1463 2251 1533 hic

226 1610 366 1657 non
450 1586 727 1673 valeret,
836 1598 907 1655 at
989 1585 1415 1656 vocabulum
1503 1586 1926 1678 consignatio
1952 1640 1971 1676 ‚
2079 1612 2253 1659 sem·

226 1735 354 1806 per
433 1709 907 1781 adhibendum
990 1723 1095 1780 est
1177 1709 1265 1779 de
1348 1709 1774 1802 depositione
1837 1711 2199 1803 judiciaria
2230 1767 2250 1804 ‚

228 1847 659 1932 quapropter
734 1859 865 1929 pro
948 1860 980 1903 «
1009 1833 1453 1928 consiynatien
1480 1860 1512 1904 »
1565 1837 1822 1906 rectius
1897 1837 2250 1930 legeretur

232 1987 263 2030 «
296 1959 859 2053 bewaaryevinqen
886 1984 969 2046 »ς
1042 1959 1164 2029 sed
1236 1959 1451 2052 ipsius
1509 1960 2040 2054 consignationis
2098 1986 2254 2057 pro·

228 2084 512 2155 ferenda
596 2095 699 2154 est
783 2082 1094 2153 definitio
1118 2135 1139 2173 ,
1228 2095 1307 2152 ut
1393 2082 1832 2176 destmgucre
1913 2088 2254 2179 possimus

225 2209 509 2304 quando
558 2232 666 2278 res
714 2210 801 2278 sit
849 2207 1140 2278 dicenda
1187 2210 1716 2302 consignationis
1765 2234 2004 2280 caussa
2029 2225 2254 2282 custo3

228 2333 525 2423 dienda,
610 2332 891 2426 quando
968 2335 1038 2402 in
1112 2333 1427 2426 deposito
1493 2334 1892 2404 ordinario:
1959 2347 2062 2405 est
2136 2361 2253 2407 au·

229 2473 373 2530 tem
422 2457 814 2553 depositum
868 2456 1131 2528 factum
1178 2457 1366 2551 apud
1414 2461 1894 2551 magistratum
1946 2460 2035 2529 ad
2081 2461 2252 2553 hoc,

231 2586 391 2679 lege
463 2584 845 2653 indicatum
871 2634 892 2673 ‚
967 2607 1049 2653 ex
1124 2606 1364 2653 caussa
1438 2584 1825 2653 voluntaria
1887 2595 2010 2654 aut
2050 2588 2256 2678 jussu

222 2711 479 2802 judicis
503 2761 524 2798 ‚
608 2720 688 2777 ut
760 2710 980 2801 major
1048 2708 1381 2777 securitas
1450 2708 1874 2800 praebeatur
1945 2709 2034 2779 de
2103 2734 2252 2782 cus·

230 2835 418 2906 todia
489 2845 561 2905 et
634 2856 822 2903 cura.

378 2960 680 3029 Exactor
748 2982 831 3027 ex
904 2959 1289 3051 praeceptis
1352 2958 1521 3051 legis
1569 2969 1844 3051 praeter
1887 2961 2250 3052 pecuniam

227 3069 663 3154 numeratam
690 3134 710 3171 ,
796 3093 919 3152 aut
992 3083 1453 3151 instrumenta
1524 3084 1860 3176 pecuniae
1933 3085 2254 3178 aequipa-

226 3208 441 3279 randa
472 3261 491 3297 ‚
560 3208 768 3277 etiam
835 3229 943 3275 res
992 3206 1284 3276 mobiles
1309 3259 1328 3296 ‚
1400 3208 1454 3277 si
1521 3206 1742 3299 judex
1793 3231 2108 3301 expresse
2156 3210 2252 3278 ita

228 3334 520 3421 statuit,
597 3332 903 3424 recipere
948 3329 1159 3399 debet
1186 3382 1207 3419 ,
1285 3329 1373 3399 cf.
1426 3341 1556 3400 art.
1623 3328 1666 3396 7
1716 3332 2046 3424 epistolae
2097 3334 2250 3426 (cir-

224 3457 517 3549 culaire)
593 3480 645 3524 s.
724 3454 772 3523 l.
1266 3444 1283 3459 ⁰

378 3582 446 3650 Si
502 3604 587 3650 ex
651 3602 889 3648 caussa
948 3577 1338 3647 voluntaria
1388 3579 1813 3669 consignatio
1864 3578 2044 3648 facta
2097 3592 2200 3649 est
2227 3633 2247 3669 ,

225 3718 383 3776 acta
457 3706 683 3774 omnia
756 3724 938 3797 quae
1014 3703 1168 3772 usui
1243 3702 1472 3770 venire
1527 3713 1859 3795 poterunt
1920 3702 2008 3772 ad
2070 3704 2248 3773 bene

222 3829 613 3902 reddendas
685 3829 1014 3922 pecunias
1086 3827 1431 3921 depositas
1458 3879 1479 3916 ,
1566 3826 1865 3899 Exactor
1939 3828 2252 3923 deposito

222 3956 516 4048 recipit,
596 3953 683 4024 cf.
760 3964 886 4021 art.
962 3948 1076 4023 14.
1204 3951 1422 4043 Epist.
1499 3976 1553 4019 s.
1630 3951 1677 4018 l.
