2934 5102
422 1291 531 1380 M.
582 1290 712 1375 HS
760 1287 1512 1375 mmsnmnus
1562 1285 1709 1391 QUI
1760 1285 2147 1372 Pilumni:

521 1422 1082 1509 GoNSTITUTI
1135 1423 1366 1508 SUNT
1419 1419 2045 1508 nm’oslnnn.

938 1710 1631 1765 &ge-omo—

973 1960 1456 2032 CAPUT
1555 1961 1614 2030 1.

429 2193 518 2238 DE
585 2192 1202 2240 MAGISTRATIBUS
1271 2192 1589 2238 PUBLIGB
1661 2191 2150 2242 CONSTITUTIS

765 2317 1340 2385 DEPOSITARHS,
1412 2317 1801 2366 UNIVERSE.

425 2558 860 2651 Magistratus
925 2558 1014 2628 ad
1080 2582 1256 2654 quos
1326 2558 1630 2630 officium
1705 2560 2139 2630 custodiendi
2197 2585 2307 2632 res

275 2685 580 2777 pertinet
603 2736 624 2773 ,
720 2685 1073 2778 praecipui
1165 2696 1329 2755 sunt
1423 2685 1735 2777 quinque
1758 2736 1778 2773 ‚
1851 2707 2103 2779 nempe
2184 2684 2309 2757 Ta-

277 2808 471 2880 bellio
496 2862 516 2898 ‚
597 2808 1042 2903 Graphiarium
1064 2863 1084 2900 ‚
1159 2808 1597 2903 Mayistratus
1663 2809 1782 2904 qui
1850 2809 2013 2881 actis
2085 2819 2148 2881 et
2212 2820 2310 2882 ta·

275 2932 456 3005 bulis
517 2940 730 3003 status
797 2933 1010 3004 civilis
1069 2940 1336 3028 praeest
1359 2987 1380 3024 ,
1450 2958 1657 3028 porro
1740 2934 1802 3005 is
1880 2936 2311 3029 myistratus

279 3058 400 3153 qui
463 3064 729 3152 praeest
793 3058 957 3129 actis
981 3112 1001 3149 ‚
1076 3058 1313 3155 quibus
1381 3058 1777 3154 hypothecae
1831 3060 2306 3133 inscribuntur.

283 3181 1194 3290 (hypotheek-bewaarder)
1274 3183 1577 3279 denique
1652 3184 1715 3255 is
1784 3185 1902 3281 qui
1968 3186 2309 3281 vectiyalia

274 3307 547 3404 publica
616 3306 819 3401 wiqit
890 3306 1360 3407 (ontvanger).

427 3429 634 3525 Quod
703 3431 794 3503 ad
861 3457 1115 3505 nomen
1183 3436 1430 3504 attinet
1455 3486 1477 3524 ‚
1559 3458 1705 3531 quo
1784 3434 1941 3505 illos
2002 3435 2315 3529 designa·
2428 3498 2444 3513 .

283 3560 350 3628 vi
376 3610 397 3648 ,
465 3580 718 3651 nempe
784 3558 1070 3652 publice
1139 3561 1675 3630 constitutorum
1702 3613 1723 3651 ,
1804 3582 1921 3629 eos
1999 3560 2313 3654 significo

283 3684 406 3779 qui
467 3682 837 3753 vernacule
893 3682 1212 3778 openbare
1271 3683 1673 3757 bewaarders
1742 3682 2075 3755 dicuntur
2096 3738 2118 3775 ,
2190 3710 2315 3757 seu

281 3809 514 3902 potius
590 3808 772 3877 inter
855 3830 972 3878 eos
1040 3807 1380 3879 referendi
1435 3820 1599 3878 sunt
1624 3824 1671 3895 ς·
1727 3832 2075 3906 nusquam
2134 3814 2317 3883 enim

275 3934 356 4003 in
426 3931 679 4003 Codice
757 3930 1018 4025 legitur
1040 3986 1062 4023 ‚
1133 3935 1418 4028 quinam
1487 3935 1625 4003 sint
1688 3935 1733 4004 ii
1804 3937 1925 4029 qui
1996 3936 2318 4031 openbare

277 4055 688 4130 bewaarders
770 4059 1034 4153 possint
1110 4058 1244 4130 dici
1273 4112 1294 4151 ,
1387 4063 1705 4153 quamvis
1783 4071 1913 4130 art.
2009 4058 2155 4131 660
2246 4072 2321 4131 et

1778 4182 1821 4253 1
