2934 5102
1178 589 1324 663 105

375 804 446 875 Si
512 802 713 874 aedes
782 802 1359 896 Hypothecarum
1431 802 1752 873 Custodis
1823 804 1890 871 in
1964 826 2044 871 eo
2094 814 2255 871 sunt

232 941 310 998 ut
355 930 499 1021 igni
542 927 825 1023 quidem
872 940 1414 1017 consumantur,
1489 930 1651 997 satis
1703 940 1931 997 tamen
1979 929 2039 996 ei
2089 940 2259 996 tem-

230 1054 414 1147 poris
482 1064 798 1145 superest
863 1049 1203 1121 nonnulla
1270 1052 1631 1140 servandi,
1705 1064 1982 1122 tenetur
2051 1052 2262 1145 eulpa

230 1180 283 1249 si
328 1202 472 1247 non
518 1180 820 1271 primum
869 1178 1324 1246 instrumenta
1373 1178 1664 1247 civitatis
1733 1200 2004 1247 servare
2063 1152 2264 1253 eona,-

231 1317 345 1374 tus
417 1315 567 1391 est,
638 1301 757 1373 sed
828 1301 918 1371 ad
986 1326 1111 1371 sua
1180 1300 1363 1371 bona
1433 1300 1734 1371 flammis
1795 1301 2144 1395 eripienda
2189 1324 2264 1371 se

230 1430 605 1516 convertit,
655 1450 884 1520 neque
929 1438 1167 1520 postea
1202 1450 1441 1496 euram
1476 1428 1617 1497 suis
1653 1426 1850 1497 bonis
1889 1426 2262 1516 tributam,

230 1553 478 1623 afferre
545 1553 797 1645 poterit
868 1564 1199 1643 tanquam
1264 1553 1532 1641 justam
1582 1573 1893 1620 caussam
1944 1553 2266 1623 interitus

232 1677 894 1765 instrumentorum,
966 1698 1147 1768 quae
1219 1686 1299 1743 ut
1356 1676 1620 1765 majore
1664 1698 1832 1743 cura
1882 1699 2092 1767 quam
2141 1700 2268 1745 sua

234 1814 568 1890 servaret,
624 1802 929 1870 muneris
979 1800 1285 1869 officium
1334 1798 1683 1891 exigebat:
1729 1800 2010 1867 maximi
2056 1802 2272 1892 igitur

236 1939 341 1997 est
390 1928 721 1996 momenti
754 1928 915 2018 jure
963 1926 1413 2013 constituere,
1448 1924 1676 2017 qualis
1713 1949 1879 1994 cura
1913 1948 1950 1993 a
1989 1926 2272 1995 diversis

236 2049 754 2143 magistratibus
804 2050 1163 2140 exigatur,
1233 2048 1424 2141 quod
1497 2049 1874 2143 unicuique
1921 2074 2108 2120 nune
2157 2074 2272 2143 ap-

236 2175 512 2267 parebit
582 2198 663 2243 ex
736 2173 1055 2267 exemplo
1126 2173 1333 2242 modo
1404 2173 1642 2242 allato.
1765 2175 1834 2243 Si
1883 2199 2048 2246 casu
2095 2198 2274 2268 quo-

236 2299 399 2369 dam
427 2352 449 2387 ,
499 2300 543 2367 i.
594 2322 652 2369 e.
704 2310 957 2369 eventu
1004 2322 1217 2391 quem
1266 2322 1354 2367 ne
1399 2300 1706 2392 optimus
1742 2300 2026 2392 quidem
2072 2313 2276 2394 pater

237 2423 532 2494 familias
582 2447 820 2495 cavere
866 2435 1173 2516 poterat,
1223 2423 1462 2493 tabula
1515 2435 1638 2493 aut
1687 2425 1978 2495 civitatis
2023 2428 2274 2495 instru-

234 2562 555 2620 mentum
600 2550 831 2642 periit,
882 2549 1323 2640 magistratus
1366 2547 1500 2618 hae
1550 2547 1638 2618 de
1671 2573 1746 2619 re
1778 2573 1916 2620 non
1963 2562 2272 2637 tenetur3

233 2677 371 2746 imo
430 2675 876 2767 reparationis
935 2685 1057 2742 aut
1123 2696 1341 2744 novae
1393 2673 1860 2746 instructionis
1918 2674 2130 2767 liujus
2176 2676 2274 2743 in-

234 2801 605 2870 strumenti
649 2797 1039 2869 mereedem
1095 2821 1133 2866 a
1182 2798 1490 2887 civitate,
1537 2820 1651 2868 me
1684 2798 1966 2890 quidem
1997 2798 2270 2891 judice,

235 2936 552 3020 repetere
622 2924 921 3016 poterit3
992 2946 1195 2992 nemo
1264 2923 1445 2991 enim
1519 2934 1824 3015 praestat
1881 2947 2117 2994 casum
2190 2948 2273 2995 ex

236 3041 488 3120 natura
536 3049 749 3141 ipsius
798 3058 1244 3135 contractuS,
1304 3048 1429 3118 nisi
1481 3046 1684 3118 dolus
1733 3059 1855 3116 aut
1903 3049 2112 3143 eulpa
2160 3048 2276 3119 de-

236 3175 482 3244 bitoris
506 3173 979 3259 intervenerit,
1014 3170 1124 3239 vel
1165 3172 1353 3242 casui
1390 3195 1672 3242 causam
1704 3173 2107 3266 praebuerit
2141 3171 2274 3270 (1).

388 3298 605 3368 Certis
652 3295 1169 3390 magistratibus
1215 3297 1336 3388 qui
1382 3298 1451 3365 in
1503 3301 1640 3364 art⁰
1687 3292 1779 3365 11
1816 3295 2013 3388 Legis
2047 3295 2144 3368 26
2177 3323 2272 3370 m.

232 3426 406 3516 maji
475 3419 661 3494 1841
731 3422 1179 3492 nominantur
1250 3445 1282 3488 «
1311 3419 1984 3512 Hoofd-ambtenaren
2027 3445 2151 3492 van
2197 3423 2277 3494 de

234 3576 267 3619 «
296 3547 675 3642 reqistratie
702 3573 733 3616 »
792 3546 1201 3617 mandatum
1259 3556 1411 3635 est,
1476 3557 1555 3616 ut
1619 3545 1986 3618 observent
2049 3550 2276 3620 omnia

228 3699 422 3770 quae
468 3683 781 3766 spectant
855 3671 1081 3741 officia
1137 3668 1710 3763 Hypothecarum
1759 3671 2078 3742 Custodis
2129 3673 2276 3743 uni-

360 3974 457 4052 (l)
524 3973 628 4032 cf.
664 3974 940 4034 Pandeet.
974 3973 1043 4030 L.
1080 3977 1112 4032 5
1148 3974 1179 4045 ᾧ
1215 3975 1251 4029 4
1288 3979 1346 4030 et
1378 3975 1408 4044 §
1447 3973 1515 4043 7,
1551 3979 1610 4030 et
1643 3971 1712 4030 L.
1753 3974 1822 4030 18
1857 3973 2175 4040 commod.;
2212 3973 2280 4031 L.

236 4074 309 4127 14
347 4072 381 4142 ᾧ
428 4071 451 4123 1
492 4067 692 4143 depos,
728 4075 789 4124 et
820 4076 928 4124 art.
970 4067 1118 4127 1745
1156 4065 1220 4123 C.
1256 4065 1322 4122 C.
