2934 5102
1093 612 1221 688 51.

99 837 352 922 putem
383 876 404 913 ‚
474 823 646 893 haec
711 832 818 891 est
889 819 1081 913 quod
1143 842 1376 890 omnes
1441 843 1521 889 ea
1570 820 2005 910 conditione,
2058 835 2140 893 ut

99 953 174 1020 in
281 948 522 1018 archio
616 943 1096 1016 custodiantur
1187 940 1598 1036 Graphiario
1623 997 1645 1034 ,
1742 946 2135 1016 traduntur.

97 1074 342 1143 Aliter
426 1092 572 1140 sese
655 1067 869 1137 habet
947 1091 1055 1137 res
1080 1119 1099 1156 ‚
1171 1069 1243 1137 in
1315 1067 1527 1138 rebus
1602 1092 1783 1162 quae
1857 1094 1940 1140 ex
2010 1096 2137 1142 sua

97 1209 359 1267 natura
458 1194 736 1263 omnino
827 1190 1158 1261 dicendae
1255 1204 1418 1261 sunt
1522 1195 1943 1286 pertinentes
2048 1195 2138 1266 ad

94 1325 354 1416 ipsum·
432 1316 790 1402 tribunalz,
863 1315 993 1386 hae
1059 1337 1166 1385 res
1237 1338 1376 1385 non
1449 1341 1489 1386 a
1560 1319 1762 1388 certis
1829 1320 2136 1412 personis

95 1449 173 1515 in
251 1443 650 1536 depositum
725 1439 1016 1508 traditae
1042 1493 1061 1528 ‚
1135 1439 1256 1509 sed
1329 1442 1527 1533 quasi
1594 1454 1785 1512 ortae
1833 1454 1998 1512 sunt
2052 1466 2136 1512 ex

98 1567 482 1639 tribunalis
554 1563 926 1658 operibus3
985 1565 1300 1657 quamvis
1356 1563 1737 1634 dominium
1785 1589 1926 1636 non
1973 1578 2139 1636 sunt

95 1695 324 1785 hujus
399 1689 810 1776 tribunalis,
881 1687 1002 1758 sed
1077 1689 1366 1757 civitatis
1439 1689 1695 1781 ipsius,
1771 1700 2001 1759 tamen
2067 1691 2138 1759 in

95 1813 558 1888 commodum
639 1834 1009 1881 commune
1093 1834 1133 1880 a
1212 1808 1622 1905 Graphiario
1706 1824 2139 1883 asservantur

94 1965 186 2011 eo
271 1936 559 2009 consilio
583 1988 604 2026 ‚
689 1947 769 2004 ut
856 1958 1069 2028 quam
1149 1936 1446 2004 maxima
1521 1935 1781 2005 utilitas
1852 1959 1935 2006 ex
2002 1934 2137 2008 hoc

91 2064 426 2158 deposito
503 2061 786 2130 oriatur,

253 2189 396 2257 Res
490 2186 561 2252 in
657 2179 792 2250 art⁰
880 2177 976 2250 65
1049 2204 1103 2249 s.
1177 2179 1226 2248 l.
1300 2193 1719 2252 memoratae
1744 2235 1773 2272 ,.
1858 2184 2137 2276 majoris

89 2323 273 2386 sunt
347 2307 678 2378 momenti
747 2329 960 2399 quam
1025 2305 1400 2399 pleraeque
1471 2330 1707 2377 omnes
1730 2359 1752 2396 ,
1799 2331 1981 2401 quae
2028 2331 2135 2380 ce-

87 2433 436 2527 teroquin
522 2431 612 2502 ad
705 2429 1016 2500 tribunal
1109 2431 1504 2522 pertinent,
1620 2443 1786 2500 sunt
1887 2456 2138 2527 nempe
2162 2461 2177 2469 ·

85 2566 566 2633 instrumenta
658 2555 915 2649 quibus
995 2553 1352 2646 judicibus
1434 2578 1571 2625 non
1646 2556 1919 2653 solum,
2015 2556 2138 2626 sed

89 2684 490 2776 unicuique
583 2681 767 2751 socio
863 2678 1230 2748 tribunalis
1321 2689 1393 2747 et
1481 2678 1755 2749 officiali
1849 2679 2137 2774 publico

89 2834 286 2904 opus
363 2817 470 2877 est
538 2806 612 2874 in
675 2807 837 2895 jure
903 2802 1197 2873 dicendo
1221 2854 1242 2891 ‚
1315 2814 1385 2872 et
1429 2804 1503 2873 in
1549 2828 1788 2875 caussa
1834 2817 2136 2900 pertrac-

90 2933 348 3005 tanda.
493 2928 963 2999 Constitutum
1047 2938 1151 2996 est
1218 2928 1290 2995 in
1360 2934 1499 2997 art0
1573 2927 1667 2998 65
1742 2942 1821 3000 ut
1893 2932 2135 3024 magis·

87 3069 338 3131 tratus
408 3056 488 3123 iis
559 3051 736 3123 bene
809 3063 1100 3123 utantur
1124 3104 1144 3140 ‚
1221 3062 1301 3121 ut
1371 3051 1551 3123 bene
1600 3067 2091 3125 conserventur
2113 3109 2133 3146 ‚

83 3208 186 3255 ne
291 3178 557 3250 scilicet
647 3186 933 3269 pereant
1027 3174 1212 3243 mala
1306 3175 1619 3245 custodia
1699 3200 1941 3247 eorum
2014 3179 2139 3271 qui

83 3330 250 3379 non
325 3326 408 3372 ex
477 3301 782 3371 muneris
853 3298 1090 3369 officiis
1163 3299 1382 3369 coacti
1420 3310 1624 3369 ·sunt
1692 3299 1782 3369 ad
1848 3301 1971 3370 illa
2038 3303 2136 3370 in-

83 3437 498 3503 strumenta
589 3422 1005 3517 recipienda.
1129 3421 1405 3515 Duplex
1496 3415 1859 3493 consilium
1928 3425 2139 3517 igitur

80 3558 224 3629 hic
301 3560 407 3619 est
480 3548 614 3641 legi
641 3600 661 3637 ,
713 3547 1012 3617 alterum
1083 3557 1164 3616 ut
1209 3546 1388 3616 bene
1435 3559 1929 3618 conserventur
1952 3599 1973 3636 ‚
2022 3572 2137 3643 ap-

77 3686 310 3775 paret
380 3674 602 3766 primo
627 3724 649 3760 ,
720 3673 793 3740 in
872 3693 955 3739 eo
1024 3669 1216 3764 quod
1285 3669 1495 3740 modo
1565 3672 1769 3741 certis
1834 3675 2138 3766 personis

79 3807 318 3875 liceat
392 3808 546 3867 acta
619 3818 930 3865 caussam
1004 3795 1434 3888 respicientia
1508 3793 1795 3865 domum
1842 3795 2136 3868 deduce-

77 3952 162 3999 re
193 3978 222 4015 ‚
331 3918 639 3991 secundo
665 3971 686 4009 ‚
767 3918 957 4012 quod
1031 3919 1498 3989 testimonium
1572 3917 1808 4016 (recu)
1879 3921 1967 3991 de
2035 3946 2137 3994 re·

79 4058 320 4145 cepto
405 4042 529 4120 tali
611 4054 774 4112 actu
855 4042 1022 4112 dare
1110 4041 1431 4112 debeant.
1556 4042 1672 4112 Ad
1744 4068 1975 4117 rerum
2044 4046 2140 4115 al*

1542 4164 1651 4235 4*
