2934 5102
1671 588 1767 661 88

708 820 785 868 re
832 797 1039 889 licet,
1090 810 1171 868 ut
1216 798 1713 893 inspiciantur,
1769 809 1893 867 aut
1939 820 2024 867 ex
2069 798 2152 869 iis
2201 810 2525 893 excerpta
2583 798 2716 867 ade·

710 924 999 993 untibus
1043 923 1531 1018 praebeantur.

859 1046 937 1116 60
986 1048 1383 1141 Registrum
1434 1047 1569 1144 (ηο.
1621 1046 1675 1119 V
1723 1047 2226 1145 Hypotheeken)
2275 1051 2347 1117 in
2393 1072 2540 1159 quo
2569 1048 2717 1117 indi·
2849 1082 2851 1089 ·

704 1185 959 1242 cantur
1002 1172 1301 1242 dominia
1351 1171 1782 1269 (Kadastrale
1816 1171 2191 1268 percolat),
2260 1186 2331 1243 et
2387 1174 2610 1244 omnia
2651 1196 2716 1241 ea

706 1318 890 1391 quae
936 1296 1237 1365 dominia
1280 1308 1624 1389 spectant.

742 1452 761 1471 ·
858 1417 934 1486 70
994 1420 1394 1512 Registrum
1476 1419 1633 1516 (ηο.
1702 1419 1805 1491 VI
1874 1419 2403 1517 Hypotheeken)
2475 1421 2716 1492 dictum
2851 1470 2853 1481 .

710 1570 743 1613 «
774 1543 1306 1639 Alphabetische-
1310 1544 1580 1637 rasel,
1501 1570 1533 1613 »
1655 1545 1727 1613 in
1774 1568 1916 1637 quo
1966 1545 2422 1616 inveniuntur
2469 1547 2714 1617 nomina

707 1668 1131 1741 creditorum
1180 1681 1250 1738 et
1297 1668 1720 1739 debitorum.

854 1792 932 1865 80
984 1795 1381 1886 Registrum
1456 1790 1600 1889 (12⁰.
1655 1792 1758 1864 VI
1762 1790 1836 1833 0’”’
1871 1791 2392 1891 Hypotkeeken)
2464 1797 2535 1866 in
2597 1817 2715 1888 quo
2853 1890 2855 1901 Ι

708 1931 985 1990 tantum
1029 1919 1309 1988 nomina
1353 1916 1754 1987 debitorum
1805 1916 2132 1989 adnotata
2181 1933 2371 1989 sunt.

856 2041 935 2113 90
984 2044 1381 2135 Registrum
1433 2041 1577 2138 (ηο.
1628 2040 1860 2137 XIII)
1934 2042 2204 2115 dictum
2271 2044 2580 2140 Daqboek
2621 2044 2718 2114 der

708 2170 1037 2264 aitqaven.

856 2290 984 2363 100
1036 2294 1433 2385 Registrum
1460 2292 1608 2389 (ηο.
1633 2292 1888 2390 XVII)
1910 2293 2180 2365 dictum
2207 2296 2595 2369 Memor-{aaz
2613 2318 2717 2365 van

712 2417 1359 2513 Hypotheek-reqten
1384 2470 1403 2507 ‚
1452 2416 1646 2511 quod
1690 2418 1761 2487 in
1811 2430 1949 2488 tres
1997 2431 2228 2513 partes
2279 2434 2387 2491 est
2429 2421 2716 2491 divisum.

860 2539 988 2613 110
1039 2542 1439 2636 Registrum
1515 2542 1654 2637 (22⁰.
1715 2542 1822 2639 X)
1893 2568 2039 2638 quo
2109 2568 2348 2616 omnes
2421 2544 2717 2642 epistolae

716 2667 1191 2742 inscribuntur
1214 2719 1234 2757 ‚
1285 2667 1546 2738 dicitur
1589 2665 1895 2759 Reyister
1935 2690 2060 2737 van
2105 2666 2617 2763 briefwisselinq.

863 2790 990 2863 120
1039 2793 1437 2884 Registrum
1521 2791 1655 2884 (ηο.
1709 2789 1934 2882 XXV)
2017 2790 2286 2861 dictum
2361 2789 2722 2865 anoriaal
2857 2783 2859 2810 ³

720 2940 846 2988 van
891 2916 1118 2986 orders
1164 2939 1243 2986 en
1289 2913 1699 2986 instructien.

866 3037 998 3109 150
1046 3039 1441 3132 Registrum
1491 3043 1630 3135 (ηο.
1680 3037 1887 3134 Χο’“’)
1935 3063 2077 3132 quo
2126 3040 2573 3114 honorarium
2604 3042 2721 3135 Hy·

722 3165 1181 3261 pothecarum
1226 3164 1545 3235 Custodis
1591 3164 1986 3234 adnotatur.

870 3288 1000 3360 140
1048 3291 1445 3382 Registrum
1489 3286 1634 3384 (ηο
1661 3287 1953 3359 XVII
1881 3286 1953 3328 ⁶
1989 3287 2018 3384 )
2065 3288 2336 3361 dictum
2363 3288 2723 3366 Memoriaal

722 3437 848 3487 van
894 3412 1289 3486 onvoldoend
1331 3434 1746 3505 aanqewezen
1788 3412 2126 3504 qoederen.

865 3540 972 3609 110
1022 3539 1127 3608 Ex
1174 3537 1381 3628 Regis
1426 3536 1709 3606 decreto
1757 3532 1850 3604 21
1887 3560 1982 3606 m.
2008 3537 2198 3607 Junn
2222 3535 2420 3610 1856
2475 3543 2723 3634 (staats-

720 3663 889 3733 hlad
940 3675 1043 3732 n0.
1090 3658 1220 3758 41)
1267 3659 1555 3731 Custodi
1602 3659 2175 3754 Hypothecarum
2223 3665 2552 3736 mandata
2585 3673 2724 3735 sunt

720 3791 1006 3882 registra
1076 3810 1257 3880 quae
1325 3787 1824 3882 requiruntur,
1903 3799 1985 3857 ut
2034 3788 2205 3881 legis
2253 3801 2620 3884 praecepta
2664 3786 2723 3855 li·

717 3915 826 3990 bri
883 3914 921 3981 I
978 3924 1047 3982 et
1106 3913 1183 3982 II
1240 3911 1317 3982 C.
1376 3911 1467 3979 M.
1530 3910 1618 3981 de
1680 3910 2153 3984 transferendo
2202 3916 2484 3986 navium
2536 3912 2724 3984 domi-

716 4041 829 4111 nio
876 4049 1156 4134 possent
1202 4035 1596 4126 observari,
1644 4048 1808 4105 sunt
1855 4035 2079 4107 haec:
