2934 5102
1170 613 1268 684 57

191 828 602 902 Tabellione
642 823 1100 921 praecedente
1122 876 1143 914 ,
1191 824 1263 892 in
1315 823 1521 915 cujus
1570 821 1807 892 locum
1855 819 2185 890 successit
2206 869 2229 907 ,

193 955 512 1049 recepit,
585 951 675 1022 cf.
749 963 885 1020 art.
957 946 1074 1019 64.
1145 947 1310 1040 Leg.
1384 943 1601 1016 1842.
1677 945 1767 1016 de
1814 967 2007 1014 mun.
2058 942 2227 1014 Tab.

194 1077 622 1150 custoditur.

348 1202 424 1270 Si
492 1201 646 1295 quis
721 1222 806 1268 ex
870 1198 1126 1291 judicis
1197 1200 1537 1270 sententia
1610 1197 1857 1269 absens
1956 1207 2060 1266 est
2116 1196 2231 1287 ju·

195 1326 474 1396 dicatus
499 1377 521 1413 ‚
575 1324 754 1395 bona
824 1323 1036 1415 hujus
1106 1323 1197 1393 ab
1267 1325 1347 1392 iis
1418 1324 1541 1417 qui
1608 1321 2066 1416 probabiliter
2106 1319 2233 1418 ⁸he·

197 1449 402 1519 redes
475 1460 682 1518 erunt
703 1499 726 1534 ‚
801 1447 1012 1516 dividi
1081 1458 1422 1540 possunt3
1493 1470 1602 1516 res
1648 1444 2039 1515 immobiles
2091 1466 2235 1512 non

200 1572 410 1643 vendi
437 1625 460 1661 ‚
531 1571 654 1642 sed
723 1595 964 1642 earum
1036 1571 1308 1642 fructus
1376 1569 1620 1640 eodem
1690 1568 1899 1639 modo
1974 1567 2183 1637 dividi
2209 1617 2231 1656 ,

202 1697 418 1783 licet3
488 1697 738 1766 harum
808 1697 1116 1766 omnium
1177 1697 1531 1764 actionum
1558 1746 1577 1783 ‚
1652 1705 1725 1763 et
1798 1692 2234 1786 conscriptio·

203 1823 310 1891 nis
386 1844 652 1892 rerum-
691 1819 1062 1890 divisarum
1153 1821 1693 1889 instrumentum
1721 1870 1740 1907 ,
1845 1815 2085 1910 perfici
2166 1827 2237 1884 et

205 1947 277 2015 in
335 1945 650 2015 archium
709 1943 964 2014 deferri
1036 1943 1249 2014 debet
1274 1995 1294 2033 ‚
1358 1942 1448 2014 cf.
1523 1953 1651 2012 art.
1727 1939 1894 2012 555.
1946 1952 2018 2010 et
2067 1937 2235 2010 556.

209 2070 290 2139 C.
359 2069 434 2139 C.
531 2067 840 2138 Heredes
911 2068 984 2138 hi
1059 2067 1334 2148 debent⁸
1380 2069 1772 2138 cautionem
1829 2067 1995 2137 dare
2018 2118 2040 2155 ‚
2118 2089 2239 2136 cu-

201 2195 326 2284 jus
417 2195 953 2262 instrumentum
1053 2191 1556 2286 perficiendum
1638 2205 1708 2262 et
1782 2194 1851 2262 in
1924 2191 2239 2262 archium

213 2316 664 2388 deferendum
735 2328 886 2406 est,
965 2316 1056 2386 cf.
1133 2329 1261 2386 art.
1337 2314 1505 2387 555.
1564 2315 1639 2386 C.
1698 2316 1774 2386 C.
1868 2311 1946 2387 'si
2004 2315 2238 2412 Appa-

213 2440 390 2510 ritor
457 2464 879 2536 quemquam
951 2441 1024 2510 in
1097 2465 1443 2512 carcerem
1519 2443 1861 2533 conjecit,
1933 2441 2187 2534 scripta
2215 2491 2237 2528 ‚

213 2577 367 2635 acta
441 2578 572 2636 etc.
646 2588 826 2659 quae
898 2565 1576 2660 comprehensionem
1652 2541 1949 2635 attinent
2006 2566 2081 2633 in
2136 2587 2241 2632 ar·

213 2689 448 2760 chium
519 2689 775 2759 referre
799 2742 820 2778 ‚
895 2701 966 2758 et
1039 2690 1511 2759 testimonium
1576 2687 1665 2757 de
1726 2689 1807 2757 iis
1864 2686 2193 2781 depositis
2216 2738 2238 2775 ,

208 2824 282 2883 et
353 2838 393 2885 a
467 2809 878 2907 Graphiario
971 2813 1271 2906 acceptis
1369 2812 1503 2882 sibi
1575 2834 1949 2905 procurare
2026 2810 2241 2880 debet

211 2937 328 3024 cf.>
377 2946 508 3007 art.
585 2934 750 3005 105.
821 2937 896 3008 C.
972 2935 1060 3007 de
1145 2935 1362 3007 meth.
1445 2960 1637 3033 proc.
1718 2937 1790 3007 in
1877 2936 1954 3006 C.
2028 2936 2239 3005 Poen.

355 3060 551 3135 Artis
623 3062 871 3154 periti,
947 3062 1384 3155 inquisitione
1444 3059 1751 3155 perfecta
1778 3113 1799 3151 ,
1876 3060 1998 3152 huj
2007 3084 2091 3130 us
2138 3084 2240 3130 re·

213 3184 538 3255 lationem
615 3183 976 3277 deponunt
1051 3186 1122 3253 in
1197 3183 1429 3254 archio
1456 3236 1477 3274 ,
1553 3183 1646 3255 cf.
1720 3197 1853 3255 art.
1924 3180 2093 3253 252.
2147 3183 2237 3253 cl.

215 3306 384 3379 520.
454 3308 530 3379 C.
605 3307 693 3378 de
767 3309 981 3379 meth.
1057 3309 1163 3403 pr.
1238 3310 1312 3379 in
1384 3307 1459 3378 C.
1538 3307 1616 3378 C.
1740 3308 1808 3376 Si
1894 3304 2241 3399 litigantes

213 3432 680 3505 interveniunt
764 3455 1044 3502 caussae
1127 3432 1540 3527 principali,
1640 3433 2099 3501 instrumenta
2170 3441 2242 3498 et

215 3557 634 3629 documenta
727 3556 908 3649 parti
983 3555 1306 3626 adversae
1381 3555 1653 3625 tradere
1676 3606 1697 3643 ‚
1781 3565 1904 3623 aut
1978 3553 2068 3623 ad
2138 3576 2241 3623 ar·

215 3679 453 3751 chium
513 3677 768 3749 referre
814 3689 1102 3773 possunt
1129 3731 1148 3768 ‚
1201 3678 1290 3749 cf.
1355 3689 1486 3747 art.
1535 3674 1701 3746 247.
1755 3676 1831 3747 C.
1874 3676 1973 3747 de
2021 3678 2239 3748 meth.

213 3828 318 3898 pr.
391 3805 464 3872 in
536 3803 611 3874 C.
684 3802 758 3873 C.
785 3855 808 3893 ‚
881 3826 1024 3897 quo
1099 3803 1282 3874 facto
1352 3798 1802 3896 Graphiarius
1874 3800 1960 3873 fit
2032 3801 2241 3895 depo-

214 3930 509 4000 sitarius.
634 3928 1024 3997 Sententiae
1119 3925 1539 3997 arbitrorum
1566 3979 1589 4015 ‚
1684 3950 1813 3997 nec
1909 3950 2048 3997 non
2122 3949 2245 3997 eae

213 4076 390 4145 quas
463 4050 606 4122 edit
679 4051 1044 4123 tribunalis
1091 4052 1372 4122 Praescs
1397 4103 1418 4141 ‚
1518 4049 1919 4153 referuntur
1998 4052 2069 4119 in
2142 4074 2243 4118 arv
