2934 5102
1172 598 1317 670 107

228 810 372 898 Ιθῐ,
458 810 531 878 in
619 809 753 878 hoc
827 809 1235 900 magistratu
1310 807 1496 878 valet
1586 810 1836 878 etiam:
1930 821 2258 890 tenentur

226 935 495 1004 actione
567 934 657 1002 ad
727 934 1061 1004 damnum
1107 932 1658 1021 resarciendum,
1710 941 1890 1027 quae
1941 934 2030 1004 ab
2081 959 2248 1005 uno·

206 1059 510 1153 'quoque
580 1061 700 1152 qui
771 1057 1103 1127 damnum
1151 1081 1393 1152 passus
1469 1070 1616 1145 est,
1662 1059 1926 1127 institui
1976 1071 2256 1152 potest,

227 1187 571 1277 cujusque
676 1183 1209 1252 fundamentum
1316 1194 1419 1251 est
1515 1183 1586 1251 in
1688 1207 1926 1252 caussa
2023 1183 2254 1268 civili3

225 1322 581 1404 praeterea
656 1308 957 1378 afficitur
1017 1309 1309 1400 poenis,
1392 1309 1447 1376 si
1530 1320 1674 1378 tam
1757 1307 1938 1378 male
2032 1320 2257 1378 custo·

226 1435 519 1524 diverit‚
606 1445 686 1502 ut
767 1433 1001 1525 poenis
1084 1435 1154 1502 in
1235 1432 1434 1502 Cod.-
1484 1433 1693 1504 Poen.
1781 1435 2057 1504 statutis
2132 1432 2258 1502 fiat

228 1560 592 1630 obnoxius.
740 1557 859 1627 Ad
954 1559 1361 1628 alterutram
1459 1558 1746 1628 classem
1856 1559 2257 1630 referendae

225 1697 393 1754 sunt
444 1707 681 1754 omnes
730 1682 1098 1776 sequelae,
1147 1705 1327 1776 quae
1376 1705 1458 1752 ex
1503 1683 1685 1751 mala
1735 1682 2048 1753 custodia
2099 1684 2259 1754 oriri

223 1820 563 1903 possunt,
638 1832 812 1901 quas
884 1831 967 1876 ex
1044 1779 1301 1878 ordine·
1355 1831 1778 1902 exponemus
1841 1819 1912 1878 et
1960 1808 2258 1901 quaesti·

226 1935 477 2004 onibus
569 1932 986 2026 interpositis
1074 1932 1630 2018 illustrabimus3
1727 1932 2082 2002 videamus
2167 1931 2257 2000 ad

224 2061 530 2152 primum
601 2057 690 2126 de
760 2057 1017 2150 poenis.
1140 2057 1382 2150 Neque
1455 2058 1527 2126 in
1604 2032 1771 2128 Cod.
1849 2058 1992 2128 Civ.
2069 2055 2254 2152 (Lib.

226 2185 348 2273 11,
420 2184 547 2253 Tit.
617 2182 815 2274 XX),
887 2196 1115 2275 neque
1185 2183 1256 2251 in
1330 2181 1602 2272 legibus
1672 2194 1794 2252 aut
1865 2182 2071 2274 Regis
2141 2182 2256 2252 de-

225 2310 429 2378 cretis
490 2331 668 2400 quae
730 2305 1305 2400 Hypothecarum
1378 2306 1755 2378 Custodem
1830 2308 2208 2399 respiciunt
2233 2359 2253 2396 ,
2310 2309 2314 2314 ’

225 2435 647 2503 constitutae
736 2443 899 2501 sunt
989 2454 1252 2524 poenae
1334 2432 1405 2500 in
1490 2431 1746 2500 malam
1843 2430 2252 2501 custodiam.

224 2557 737 2651 Magistratibus
796 2580 979 2627 ¹vero
1060 2559 1180 2651 qui
1260 2556 1396 2627 illis
1469 2567 1846 2649 praesunt,
1920 2556 2254 2625 tribuitur

214 2686 333 2776 jus
419 2682 777 2776 querendi
838 2682 925 2751 de
993 2680 1177 2752 malo
1248 2693 1400 2750 aut.
1443 2680 1839 2772 negligente
1910 2679 2252 2773 deposita·

222 2812 326 2879 rio
353 2860 375 2897 ‚
450 2808 571 2879 sed
642 2807 811 2877 haec
896 2807 1179 2900 querela
1206 2858 1226 2895 ‚
1312 2805 1402 2875 ad
1483 2828 1738 2898 poenas
1825 2803 2063 2877 referri
2138 2828 2253 2874 ne·

222 2936 426 3029 quit3
499 2933 711 3005 satius
761 2932 1047 3003 fortasse
1096 2931 1341 3023 egisset
1388 2931 1739 3024 legislator
1765 2984 1784 3021 ‚
1857 2932 1960 3020 si,
2015 2953 2254 3024 quem-

222 3057 607 3127 admodum
702 3055 791 3126 de
884 3056 1285 3147 magistratu
1383 3056 1507 3148 qui
1591 3056 1760 3125 actis
1795 3130 1804 3139 ,
1843 3068 1912 3125 et
1990 3056 2252 3126 tabulis

219 3195 453 3268 status
512 3180 726 3250 civilis
781 3182 1099 3273 praeest,
1172 3180 1637 3249 constituisset
1699 3192 1957 3249 certam
2031 3179 2252 3250 mulc-

220 3322 369 3378 tam
438 3309 509 3376 in
583 3329 697 3375 eos
766 3308 888 3399 qui
958 3304 1141 3373 male
1221 3303 1656 3373 custodiendi
1729 3304 1954 3375 officio
2028 3304 2251 3374 functi

218 3446 499 3507 essent:
569 3432 703 3501 hoc
774 3432 956 3501 enim
1029 3428 1258 3500 multo
1328 3429 1544 3520 magis
1615 3427 1704 3497 ad
1777 3427 2030 3498 bonam
2101 3452 2251 3499 cus-

218 3559 488 3631 todiam
544 3558 988 3649 magistratus
1045 3555 1431 3646 instigasset
1496 3550 1620 3649 (cf.
1668 3563 1796 3621 art.
1845 3550 1942 3621 27
1989 3552 2064 3623 C.
2114 3551 2250 3649 C.).

216 3686 475 3757 Variae
529 3670 761 3753 tamen
823 3691 1233 3751 statuuntur
1302 3701 1608 3772 poenae,
1681 3702 1822 3747 non
1886 3680 1955 3747 in
2028 3702 2251 3749 unum

214 3808 797 3904 Hypothecarum
902 3804 1274 3877 Custodem
1303 3856 1323 3893 ,
1418 3802 1533 3875 sed
1629 3804 1700 3873 in
1797 3826 1913 3873 eos
2008 3806 2251 3897 magis·
2353 3793 2358 3798 ⁵

217 3946 497 4021 tratuS‚
602 3932 690 4000 ad
794 3954 969 4024 quos
1074 3930 1281 3999 etiam
1374 3928 1497 3998 ille
1591 3926 1992 3997 referendus
2099 3942 2248 4019 est,

217 4072 289 4131 ct
376 4060 445 4127 in
531 4056 652 4130 illa
734 4054 989 4125 delicta
1071 4078 1251 4147 quae
1319 4054 1409 4123 ab
1483 4052 1620 4123 illis
1694 4055 2031 4124 committi
2095 4078 2250 4148 pos-
