2934 5102
1702 627 1846 700 116

760 839 1127 909 insinuatio
1200 838 1413 931 hujus
1485 837 1889 932 perficiatur
1945 836 2083 933 (om
2133 845 2196 908 te
2242 837 2406 909 doen
2455 838 2748 932 reqistree·

760 962 911 1059 ren)
936 1017 956 1054 ,
1008 962 1563 1058 unumquodque
1597 973 1832 1032 autem
1883 963 2426 1033 instrumentum
2473 963 2648 1057 quod
2669 986 2747 1033 re-

759 1089 973 1182 quirit
1044 1100 1125 1157 ut
1192 1089 1585 1180 signaturae
1631 1087 2000 1156 insinuatio
2046 1086 2172 1156 fiat
2197 1140 2219 1178 ‚
2292 1112 2498 1158 suum
2569 1087 2748 1158 habet

758 1213 1179 1306 registrumz,
1243 1223 1347 1282 tot
1394 1214 1606 1305 igitur
1654 1224 1818 1282 sunt
1866 1213 2152 1304 registra
2179 1265 2202 1304 ‚
2253 1217 2526 1306 quoties
2570 1214 2636 1281 in
2671 1212 2746 1280 le-

758 1360 844 1430 ge
892 1337 1257 1406 insinuatio
1316 1337 1665 1407 variorum
1713 1338 2337 1407 instrumentorum
2389 1336 2624 1431 perfici
2659 1338 2748 1428 ju·

758 1460 988 1531 betur.
1090 1458 1336 1530 Omnia
1385 1463 1674 1554 registra
1723 1461 1897 1532 haec
1939 1463 2388 1532 nominantur
2430 1465 2504 1532 in
2527 1471 2654 1530 art0
2673 1457 2750 1528 25

626 1575 639 1584 “
758 1585 1164 1683 (circulaire
1222 1593 1326 1656 110.
1378 1585 1470 1682 5)
1518 1586 1607 1656 de
1656 1586 1809 1679 lege
1858 1583 1953 1655 18
2005 1610 2099 1656 m.
2151 1586 2351 1686 Febr.
2405 1583 2591 1656 1818
2639 1583 2746 1681 (1).

757 1709 1089 1783 Omnium
1161 1711 1413 1782 horum
1487 1712 2108 1781 instrumentorum
2135 1764 2155 1801 ‚
2233 1710 2478 1782 tabula
2521 1723 2634 1781 aut
2671 1708 2747 1778 al-

757 1836 931 1906 bum
1006 1834 1423 1926 conficitur,
1499 1833 1590 1905 cf.
1658 1834 1829 1928 legis
1873 1858 1928 1905 s.
1978 1835 2028 1903 l.
2078 1847 2207 1904 art.
2257 1833 2405 1925 25,
2457 1849 2538 1906 ut
2581 1833 2747 1905 facile

758 1972 1133 2055 appareat,
1212 1972 1451 2030 utrum
1525 1960 1754 2028 omnia
1810 1958 1990 2030 hene
2039 1960 2384 2030 custodita
2409 2014 2432 2052 ,
2483 1984 2570 2031 an
2609 1981 2747 2030 non-
2861 1943 2863 1988 ²

755 2085 955 2155 nulla
1000 2085 1420 2177 negligentia
1471 2084 1717 2153 amissa
1765 2085 1925 2154 sint.

901 2209 1256 2280 Exactoris
1304 2221 1409 2280 est
1454 2208 1621 2279 dare
1691 2219 2049 2303 excerptas
2074 2261 2096 2299 ‚
2174 2211 2270 2280 eis
2320 2233 2617 2303 quorum
2659 2231 2750 2281 eas

756 2335 1033 2405 omnino
1107 2336 1389 2404 interest
1416 2386 1435 2422 ‚
1509 2333 1774 2427 quique
1847 2333 2240 2428 specialiter
2295 2335 2750 2430 intelliguntur

753 2482 881 2555 per
926 2457 1267 2529 vocabula
1344 2457 1484 2528 «de
1545 2455 1753 2528 direct
1817 2457 2414 2553 belanqhebbenden
2441 2486 2474 2530 »
2502 2514 2522 2551 ‚
2592 2459 2750 2530 unde

754 2584 1212 2681 depositarius
1284 2596 1600 2655 actorum
1674 2583 2124 2677 publicorum
2195 2588 2358 2678 jure
2432 2586 2750 2658 vocandus

755 2720 859 2782 est
885 2764 905 2801 ,
959 2710 1046 2780 cf.
1101 2723 1229 2781 art.
1282 2707 1425 2779 858
1464 2722 1534 2779 et
1573 2706 1717 2779 859
1766 2709 1841 2780 C.
1888 2709 1977 2780 de
2013 2710 2228 2779 meth.
2264 2735 2457 2804 proc.
2490 2714 2560 2781 in
2589 2710 2656 2781 C.
2688 2708 2749 2778 C.

902 2836 1220 2906 Secunda
1295 2837 1554 2930 species
1612 2836 1920 2905 continet
1969 2836 2150 2928 ipsas
2199 2838 2530 2929 pecunias
2577 2836 2752 2905 vecti·

754 2960 1056 3061 galium3
1107 2984 1343 3031 omnes
1393 2961 1523 3029 hae
1572 2961 1908 3054 pecuniae
1955 2971 2330 3054 postquam
2373 2960 2749 3031 adnotatum

754 3096 857 3155 est
900 3084 973 3153 in
1006 3084 1306 3177 registris
1339 3084 1480 3154 huc
1513 3083 1989 3178 spectantibus
2009 3137 2029 3173 ‚
2086 3084 2272 3154 unde
2307 3086 2746 3179 provenerint,

752 3223 823 3282 et
896 3230 1039 3303 quo
1106 3210 1267 3302 jure
1336 3221 1705 3302 perceptae
1751 3210 1935 3299 sint,
2013 3209 2105 3279 ab
2171 3196 2510 3281 Exactore
2557 3220 2745 3280 custo·

752 3335 1044 3406 diuntur
1070 3386 1089 3423 ‚
1152 3333 1374 3402 donec
1423 3332 1579 3402 illas
1629 3332 1719 3401 ad
1765 3335 2111 3405 aerarium
2162 3334 2534 3429 publicum
2579 3332 2744 3403 remi·

752 3460 962 3546 serit3
1036 3457 1316 3553 quando
1389 3457 1524 3527 hoc
1573 3456 1966 3529 faciendum
2014 3460 2102 3529 sit
2129 3512 2150 3549 ,
2227 3461 2308 3529 iis
2359 3460 2742 3555 praecipitur

751 3588 823 3657 in
874 3584 1163 3680 epistola
1218 3582 1603 3677 (circulaire
1650 3588 1752 3652 ΠΟ.
1807 3580 1945 3653 691
1974 3636 1997 3674 ,
2047 3583 2184 3655 sub
2238 3581 2540 3680 70-90);
2595 3602 2742 3678 quae

750 3712 831 3779 iis
901 3720 1066 3778 sunt
1138 3706 1567 3777 observanda
1637 3708 1710 3777 in
1779 3706 1990 3778 modo
2042 3710 2454 3781 remissionis
2501 3704 2742 3781 maximi

750 3832 920 3902 mihi
952 3833 1285 3902 momenti
1318 3843 1517 3922 sunt,
1567 3843 1648 3901 ut
1683 3844 2177 3924 argumentum
2209 3856 2451 3904 meum
2475 3836 2599 3905 rite
2619 3853 2741 3926 per·
2857 3856 2859 3867 ·

872 4021 962 4100 (1)
1004 4020 1093 4079 Cf.
1142 4040 1206 4079 n.
1258 4039 1545 4094 onumen,
1594 4022 1931 4081 dissertatio
1973 4022 2091 4101 jur.
2131 4023 2490 4101 inaug-malis
2530 4024 2595 4081 de
2629 4020 2742 4078 imi-

750 4118 1015 4176 nu'att'one
1062 4112 1568 4174 instrumentorum
1618 4117 1679 4174 in
1721 4122 1854 4174 acta
1881 4116 2134 4193 publiea.
2211 4116 2406 4193 Lugd.
2439 4116 2566 4177 Bat.
2601 4114 2740 4174 1832.
