2934 5102
1684 637 1737 708 4

690 870 851 917 men
919 848 1100 918 inter
1170 848 1309 918 tale
1366 845 1759 942 depositum
1808 858 1879 916 et
1922 845 2319 941 depositum
2355 847 2717 940 'privatum

689 971 1002 1042 adesset:
1041 953 1141 1042 ⁴in
1209 996 1293 1044 eo
1362 973 1574 1065 igitur
1640 972 2083 1064 magistratus
2162 972 2452 1042 civitatis
2514 972 2717 1065 quasi

563 1111 569 1118 ‘
690 1119 1054 1190 personam
1151 1098 1312 1190 agit.
1438 1096 1592 1166 Hoc
1686 1120 1849 1166 vero
1940 1119 2081 1166 non
2136 1095 2428 1190 impedit
2454 1101 2489 1186 ,’
2544 1119 2719 1189 quo-

691 1223 923 1292 minus
1003 1223 1150 1315 ipse
1226 1233 1548 1291 teneatur
1631 1220 1843 1313 culpa
1910 1233 2198 1316 propter
2268 1243 2570 1291 errorem
2642 1220 2717 1289 in

691 1345 1006 1418 custodia
1078 1357 1149 1416 et
1215 1370 1382 1416 cura
1455 1346 1921 1416 commissum.
1970 1345 2061 1414 cf.
2118 1357 2245 1414 art.
2294 1342 2461 1413 254.
2512 1345 2586 1414 C.
2636 1343 2719 1414 P.

837 1470 1274 1564 Magistratus
1341 1494 1552 1565 supra
1614 1471 1946 1540 nominati
1994 1468 2129 1539 hoc
2172 1469 2307 1539 ‘sibi
2353 1471 2715 1564 proprium

690 1595 954 1667 habent
1021 1594 1214 1690 quod
1269 1619 1378 1664 res
1426 1597 1499 1664 in
1546 1594 1857 1688 deposito
1904 1593 2212 1683 habent,
2259 1616 2442 1688 quae
2486 1617 2719 1688 neque

692 1723 1120 1815 privatorum
1185 1744 1415 1814 neque
1482 1719 2013 1813 magistratuum
2069 1719 2379 1813 ipsorum
2424 1742 2571 1790 esse
2616 1718 2725 1790 di-

693 1849 758 1916 ci
830 1857 1148 1940 possunt.
2384 1837 2395 1846 ’

835 1970 989 2041 Hac
1062 1972 1136 2040 in
1213 1995 1288 2041 re
1370 1969 1765 2065 discrepant
1832 1995 1873 2039 a
1944 1969 2374 2065 depositariis
2448 1972 2723 2063 privato

693 2107 1058 2168 contractu
1155 2095 1477 2188 obligatis
1500 2148 1520 2185 ‚
1613 2097 1736 2191 qui
1826 2118 2100 2189 semper
2166 2097 2399 2170 sciunt,
2464 2120 2505 2164 a
2574 2119 2723 2189 quo

694 2234 766 2292 et
826 2219 914 2290 ad
973 2218 1168 2314 quod
1212 2231 1601 2290 teneantur.
1702 2219 2013 2290 Tabellio
2060 2199 2364 2314 quidem
2389 2243 2518 2314 pro
2565 2244 2724 2314 par-

697 2359 766 2418 te
835 2369 1067 2415 rerum
1093 2398 1114 2434 ‚
1187 2369 1363 2439 quas
1431 2344 1781 2415 custodire
1839 2343 2053 2414 debet
2077 2396 2098 2433 ‚
2160 2346 2545 2438 comparari
2602 2323 2722 2414 de-

693 2471 818 2542 het
887 2476 1050 2540 cum
1117 2470 1533 2565 depositario
1590 2471 1900 2564 privato:
1968 2470 2221 2564 accipit
2276 2471 2458 2538 enim
2514 2481 2724 2539 testa·

693 2608 926 2669 menta
954 2649 974 2686 ,
1047 2608 1120 2667 et
1173 2593 1576 2691 accipiendo
1632 2618 1771 2664 non
1828 2594 2057 2665 solum
2082 2648 2103 2685 ,
2177 2594 2298 2666 sed
2364 2596 2572 2664 etiam
2622 2597 2723 2664 in·

694 2734 1165 2793 strumentum
1242 2720 1331 2791 de
1400 2719 1795 2815 recipiendo
1863 2718 2227 2813 perficiens
2296 2718 2388 2789 ad
2452 2718 2726 2813 deposi-

697 2861 850 2919 tum
917 2870 995 2916 se
1062 2844 1348 2937 obligat.

845 2972 1020 3041 Sunt
1089 2971 1297 3039 etiam
1355 2968 1470 3039 alii
1524 2969 1917 3063 depositarii
1964 2971 2085 3064 qui
2134 2970 2574 3065 aliquatenus
2622 2974 2726 3069 in-

698 3109 806 3167 ter
867 3093 1188 3189 publicos
1213 3147 1233 3184 ‚
1301 3105 1489 3164 certe
1546 3093 1844 3189 publice
1913 3096 2324 3167 constitutos
2378 3096 2728 3169 referendi

697 3231 865 3295 sunt
887 3272 908 3311 ,
977 3242 1229 3314 nempe
1281 3220 1330 3289 ii
1384 3221 1505 3313 qui
1556 3243 1595 3287 a
1635 3219 1877 3311 judice
1922 3221 2465 3291 constituuntur.
2564 3222 2727 3299 Fre-

691 3358 988 3443 quentes
1059 3356 1440 3414 occurrunt
1508 3343 1751 3414 lectori
1810 3342 1946 3413 loci
2010 3345 2082 3413 in
2134 3344 2499 3417 codicibus
2567 3371 2728 3417 nos-

696 3475 854 3561 tris,
905 3471 1030 3541 uhi
1079 3468 1410 3539 Tribunal
1445 3470 1803 3539 constituit
1834 3467 2316 3561 depositariosz,
2364 3462 2513 3566 (eff.
2558 3484 2727 3542 artt.

697 3594 938 3685 1005,
985 3590 1203 3665 1440.
1251 3593 1327 3665 C.
1373 3592 1449 3663 C.
1500 3600 1661 3663 art't.
1710 3590 1877 3663 506.
1926 3590 2093 3663 551.
2146 3591 2311 3664 760.
2342 3593 2505 3665 766.
2531 3596 2609 3667 C.
2634 3596 2728 3667 de

695 3720 911 3793 meth.
961 3742 1152 3813 proc.
1202 3719 1275 3788 in
1320 3718 1396 3789 C.
1443 3716 1555 3813 C.)
1656 3720 1722 3789 Si
1772 3718 1898 3789 hos
1944 3742 2429 3813 comparamus
2452 3745 2618 3791 cum
2643 3724 2727 3793 iis

693 3849 822 3943 qui·
885 3856 1134 3939 utpote
1197 3844 1641 3936 magistratus
1711 3866 1838 3937 per
1891 3866 2149 3913 munus
2211 3866 2419 3915 suum
2476 3847 2550 3916 in
2603 3846 2727 3917 de-

695 3973 920 4068 posito
983 3978 1218 4039 tenent
1241 4020 1262 4058 ‚
1319 3967 1478 4039 illos
1526 3991 1809 4062 quoque
1862 3967 2248 4062 depositarii
2296 3968 2553 4063 publici
2605 3994 2730 4043 no-

695 4099 876 4171 mine
929 4093 1513 4189 comprehendere
1558 4118 1959 4188 possemus:
2006 4106 2313 4165 attamen
2362 4100 2731 4192 tantopere
