2934 5102
1647 607 1747 684 10

683 825 912 892 nostra
936 867 958 908 ,
1033 817 1306 914 legibus
1375 833 1607 916 potest
1678 823 2196 914 circumscribi,
2268 849 2549 919 semper
2622 838 2717 896 ta-

683 967 846 1014 men
913 943 1078 1039 plus
1147 958 1252 1016 est
1319 970 1534 1040 quam
1592 945 1887 1018 facultas
1940 960 2011 1018 et
2058 949 2361 1020 officium
2429 975 2586 1020 rem
2648 953 2719 1021 in
2822 979 2824 982 ⁴

682 1069 998 1142 custodia
1043 1071 1382 1142 servandi.
1434 1070 1528 1143 cf.
1576 1084 1707 1142 art.
1754 1069 1797 1143 1
1848 1085 1921 1144 et
1970 1070 2065 1144 18
2108 1074 2277 1166 legis
2324 1099 2379 1144 s,
2424 1074 2475 1144 l.

827 1195 932 1266 Ex
991 1193 1611 1268 deliberationibus
1664 1196 1755 1268 de
1797 1197 1953 1290 lege
1998 1196 2045 1268 9
2093 1198 2260 1269 Julii
2305 1195 2499 1269 1842
2551 1201 2719 1272 satis

677 1321 910 1415 patuit
967 1343 1008 1390 e
1061 1323 1400 1393 sententia
1459 1321 1964 1394 nonnullorum
2022 1321 2190 1394 Ord.
2236 1320 2491 1394 Gener.
2558 1337 2719 1396 acta
2827 1299 2828 1304 ἵ

679 1456 752 1516 ct
821 1447 1196 1539 repertoria
1265 1471 1410 1518 non
1480 1448 1825 1541 pertinere
1896 1447 1985 1516 ad
2049 1446 2429 1518 dominium
2484 1451 2719 1542 priva·

679 1581 836 1642 tum
888 1569 1352 1660 Tabellionis3
1421 1585 1733 1643 attamen
1788 1572 2159 1643 voluerunt
2184 1624 2204 1661 ‚
2266 1585 2346 1642 ut
2406 1573 2522 1642 lex
2566 1576 2718 1664 ita,

677 1695 770 1768 ad
841 1696 1012 1792 legis
1064 1697 1439 1792 abrogatae
1488 1697 1888 1791 exemplum
1913 1749 1935 1788 ‚
1994 1699 2533 1769 constitueretur
2556 1752 2579 1789 ‚
2630 1713 2722 1770 ut

675 1821 917 1898 liceret
974 1821 1358 1895 Tabellioni
1417 1823 1784 1916 disponere
1843 1822 1931 1894 de
1984 1822 2192 1892 lucris
2215 1874 2236 1912 ,
2292 1846 2476 1916 quae
2526 1849 2724 1896 ema-

673 1971 840 2022 nare
897 1959 1179 2044 possent
1247 1971 1332 2020 ex
1405 1949 1579 2018 actis
1638 1959 1773 2018 etc.
1800 1999 1821 2037 ,
1889 1971 2069 2042 quae
2140 1948 2317 2019 cives
2343 1999 2364 2037 ,
2434 1949 2507 2018 in
2581 1950 2723 2020 illi·

677 2097 760 2144 us
823 2075 1220 2168 integritate
1289 2073 1626 2145 fiduciam
1697 2072 2119 2144 collocantes
2142 2121 2164 2162 ,
2244 2074 2306 2142 ei
2384 2073 2721 2146 credidis·

671 2211 826 2272 sent
893 2194 1034 2294 (1).
2452 2271 2467 2278 ,

817 2325 1068 2396 Nostra
1137 2332 1368 2394 tamen
1435 2322 1549 2393 lex
1618 2323 2041 2417 principium
2100 2321 2366 2416 publici
2419 2322 2719 2395 dominii

672 2449 996 2546 amplexa
1067 2457 1172 2518 est
1196 2498 1218 2538 ,
1283 2459 1355 2518 et
1414 2447 1573 2519 ideo
1634 2449 1876 2540 rejecit
1919 2447 2331 2541 principium
2357 2498 2377 2535 ,
2426 2471 2510 2516 ex
2566 2473 2721 2543 quo

671 2574 782 2649 lex
843 2574 1170 2647 Francica
1229 2573 1300 2643 in
1355 2586 1486 2645 art.
1538 2570 1657 2643 54.
1718 2570 1815 2643 56
1861 2584 1933 2643 et
1980 2570 2098 2642 59³
2147 2572 2527 2643 dominium
2580 2576 2721 2669 ipsi

670 2699 1055 2773 Tabellioni
1099 2698 1268 2769 dare
1314 2698 1707 2770 videbatur.

815 2824 1100 2897 Praeter
1164 2826 1627 2895 instrumenta
1652 2875 1673 2913 ,
1740 2821 2036 2893 minuten
2086 2821 2271 2892 dicta
2296 2875 2318 2911 ,
2388 2822 2717 2895 Tabellio

671 2960 1085 3021 testamenta
1136 2950 1208 3018 in
1263 2972 1465 3019 suam
1513 2947 1903 3019 custodiam
1952 2948 2196 3041 recipit
2238 2947 2327 3017 cf.
2376 2959 2505 3017 art.
2556 2946 2715 3019 979

671 3072 746 3144 C.
797 3074 873 3146 C.
975 3072 1132 3145 Hoc
1185 3072 1581 3167 depositum
1634 3085 1739 3143 est
1784 3071 2118 3165 simpleX,
2166 3084 2239 3143 et
2280 3072 2496 3163 magis
2542 3097 2713 3143 con-

671 3198 950 3269 veniens
1011 3222 1174 3271 cum
1235 3199 1583 3294 requisitis
1640 3197 1935 3293 depositi
1992 3198 2063 3266 in
2110 3196 2270 3265 libr.
2319 3194 2459 3265 111⁰
2504 3197 2709 3268 Codi-

672 3324 770 3395 cis
840 3324 1226 3395 memorati.
1338 3322 1652 3393 Testator
1699 3322 1914 3392 habet
1964 3319 2345 3391 dominium
2401 3322 2510 3391 sui
2556 3333 2710 3393 ‘tes-

671 3448 960 3521 tamenti
1021 3446 1484 3541 holographi,
1546 3460 1617 3518 et
1674 3470 1815 3517 nou
1884 3448 2157 3539 cogitur
2214 3445 2303 3515 ad
2354 3444 2707 3539 deponen-

669 3570 864 3643 dum.
926 3614 1026 3626 --
1081 3571 1202 3643 Ab
1275 3573 1561 3643 arbitrio
1633 3546 1937 3667 insuper
1986 3572 2327 3641 testatoris
2392 3570 2661 3664 pendet
2684 3624 2704 3662 ‚

669 3694 862 3789 apud
911 3720 1290 3791 quemnam
1339 3696 1816 3769 Tabellionem
1864 3696 2167 3789 deponat
2190 3748 2211 3786 ,
2262 3707 2331 3766 et
2376 3694 2533 3766 ideo
2578 3697 2707 3767 eli·

754 4008 843 4085 (l)
887 4006 1037 4066 Vide
1090 4010 1262 4067 MAmf}
1317 4028 1388 4070 en
1439 4030 1526 4070 nn
1580 4029 1800 4081 vium,
1857 4018 1972 4069 wet
2015 4032 2091 4089 op
2132 4012 2240 4071 het
2272 4010 2710 4072 Notaris-ambt

669 4099 1008 4179 toegelicht.
