2934 5102
1159 595 1301 667 101

214 778 269 846 si
316 778 410 847 ita
464 777 599 847 illis
648 776 968 866 videtur,
1035 779 1315 848 omnino
1372 801 1692 847 recusare
1742 776 2240 871 depositionem

212 902 783 997 Hypothecarum
856 904 1103 974 Custos
1179 904 1470 997 nequit,
1542 926 1758 997 quare
1831 903 2043 994 igitur
2103 902 2239 973 hoc

208 1026 605 1121 depositum
681 1029 1021 1098 amicitiae
1093 1052 1333 1099 caussa
1408 1051 1546 1096 non
1619 1026 1750 1115 fit,
1833 1050 2016 1120 quae
2089 1039 2234 1115 est,

207 1154 306 1221 uti
402 1155 706 1241 scimus,
806 1152 1340 1223 fundamentum
1430 1152 1725 1245 depositi
1817 1150 2230 1238 voluntariit,

205 1278 487 1370 insuper
566 1278 1005 1370 magistratus
1089 1301 1215 1370 pro
1297 1276 1612 1347 custodia
1685 1300 1920 1346 rerum
1995 1300 2232 1346 earum

204 1402 474 1494 exigere
528 1413 762 1494 potest
822 1400 1316 1490 honorarium,
1388 1413 1700 1471 attamen
1757 1425 1846 1470 ne
1902 1400 2036 1471 hoc
2083 1402 2233 1493 qui·

202 1524 362 1595 dem
438 1550 601 1596 casu
676 1527 1007 1617 majorem
1078 1550 1291 1619 quam
1352 1528 1423 1593 in
1483 1527 1624 1595 suis
1679 1523 1802 1619 (cf.
1855 1537 1982 1593 art.
2034 1522 2230 1595 1745

200 1650 271 1719 C.
350 1650 425 1721 C.
455 1649 511 1746 ς)
594 1674 833 1719 curam
906 1650 1238 1721 adhibere
1312 1651 1632 1741 cogitur,
1706 1651 1868 1742 quia
1957 1647 2070 1718 lex
2155 1650 2227 1719 in

199 1781 337 1844 art0
385 1772 516 1843 120
541 1827 561 1864 ,
614 1772 950 1868 generalis
997 1776 1067 1843 in
1117 1774 1248 1843 hac
1308 1759 1596 1844 materie
1653 1774 1944 1845 dicenda
1970 1827 1991 1862 ‚
2051 1773 2224 1844 obli-

197 1901 503 1991 gationes
574 1910 645 1968 et
717 1898 941 1967 officia
1016 1921 1157 1967 non
1230 1910 1437 1991 auget
1488 1895 1626 1995 (1).
1749 1898 1890 1968 Lex
1943 1900 2222 1971 omnino

197 2024 324 2095 hac
398 2026 470 2093 in
541 2048 617 2094 re
691 2023 1055 2093 durissima
1128 2022 1451 2093 habenda
1527 2034 1676 2092 est.-
1748 2047 1966 2116 quare
2016 2025 2070 2093 si
2119 2047 2218 2093 se·

194 2148 507 2219 cundum
578 2151 731 2242 ejus
776 2159 1149 2242 praecepta
1191 2146 1601 2239 judicatur,
1675 2146 2022 2239 legitimae
2067 2150 2216 2244 qui-

191 2273 347 2344 dem
376 2328 397 2363 ‚
472 2286 543 2343 at
616 2273 807 2343 haud
856 2296 1012 2342 raro
1073 2274 1537 2365 iniquissimae
1608 2274 1986 2343 sententiae
2058 2298 2215 2367 pro·

189 2401 491 2469 nuntiari
564 2410 874 2491 possunt.

332 2524 709 2596 Videamus
790 2546 978 2593 nunc
1052 2522 1141 2593 de
1212 2528 1351 2592 art0
1418 2520 1561 2613 15,
1643 2535 1988 2618 quatenus
2059 2527 2214 2617 ejus

186 2663 553 2743 praecepta
602 2673 762 2719 cum
806 2648 933 2718 arti
970 2646 1066 2717 12
1113 2650 1497 2743 praeceptis
1545 2649 1916 2720 cohaerent
1941 2648 1979 2717 '2
2049 2650 2210 2719 Art.

184 2773 273 2843 12
350 2799 472 2845 nos
542 2775 784 2878 docuit
854 2772 1133 2867 quando
1208 2798 1245 2842 a
1318 2775 1594 2843 civitate
1674 2773 1928 2843 damna
1993 2797 2209 2865 resar-

184 2899 424 2970 cienda
496 2901 677 2988 sint,
750 2901 807 2968 si
866 2899 1058 2969 bona
1133 2899 1413 2968 minoris
1470 2898 1742 2992 perdita
1811 2911 1935 2969 aut
1992 2900 2204 2993 negli-

183 3027 415 3117 gentia
483 3024 623 3094 lata
697 3024 940 3093 amissa
989 3025 1170 3110 sint3
1243 3036 1371 3092 art.
1419 3021 1516 3092 15
1571 3037 1856 3114 contra,
1913 3049 2040 3095 nos
2084 3024 2204 3094 do·

178 3161 285 3221 cet
360 3174 397 3223 a
472 3173 775 3243 quonam
856 3149 1114 3218 civitati
1182 3149 1518 3218 damnum
1597 3150 1792 3242 quod
1861 3151 2200 3220 aerarium

173 3277 446 3368 accepit
470 3328 490 3365 ,
562 3273 1020 3368 repetendum
1074 3275 1207 3360 sitz,
1278 3274 1369 3342 ab
1414 3273 1654 3343 officiis
1698 3275 1988 3343 civitatis
2035 3297 2204 3366 pen-

170 3400 345 3470 dent
401 3400 623 3470 officia
671 3399 1200 3491 magistratuum
1227 3451 1247 3488 ,
1297 3398 1556 3492 quibus
1602 3422 1856 3467 munus
1905 3399 2198 3468 civitatis

168 3524 584 3596 mandatum
655 3534 802 3609 est3
874 3524 929 3592 si
1000 3523 1182 3592 male
1251 3523 1332 3593 iis
1403 3522 1689 3593 functus
1748 3534 1896 3612 est,
1976 3525 2197 3593 oritur

164 3651 357 3744 quod
409 3651 479 3718 in
526 3649 679 3741 lege
722 3650 819 3718 sic
869 3649 1313 3718 enuntiatur:
1364 3673 1396 3716 «
1423 3647 1656 3719 verlies
1703 3647 1806 3718 uit
1852 3647 2197 3720 verkeerde

284 3963 379 4041 (1)
470 3962 581 4020 cff.
626 3960 1072 4020 deliberationes
1120 3961 1194 4018 de
1242 3961 1356 4019 hac
1404 3960 1568 4038 lege,
1617 3959 1892 4020 Staatsbl.
1944 3962 2036 4020 n0.
2091 3966 2199 4035 12,

159 4057 301 4116 anni
362 4056 534 4114 1841.
