2934 5102
1144 576 1287 648 105

204 787 411 858 modo
504 784 937 856 custodiendi
1034 795 1357 874 tenetur,
1450 787 1572 878 qui
1669 785 1806 856 art⁰
1902 784 2031 856 15Ο
2127 797 2282 857 13-“

203 913 514 1007 spicitur.
662 909 1043 978 Discrirnen
1153 920 1256 978 est
1357 910 1540 979 inter
1645 913 2226 1004 consignationem

204 1037 395 1132 apud
481 1037 959 1129 magistratum
1053 1035 1174 1128 qui
1269 1034 1630 1126 vectigalia
1723 1035 2008 1128 publica
2091 1037 2228 1106 'exi-

204 1165 346 1255 git,
435 1173 507 1231 et
590 1158 778 1254 apud
857 1159 1431 1252 Hypothecarum
1514 1159 1887 1230 Custodem
1917 1213 1937 1250 ,
2034 1159 2228 1254 quod

202 1287 384 1357 illud
478 1285 629 1355 fieri
724 1284 900 1354 solet
994 1284 1313 1354 mercede
1404 1297 1613 1378 pacto
1639 1337 1660 1374 ,
1754 1285 1886 1356 hoc
1969 1286 2226 1378 gratisz,

203 1414 269 1481 in
369 1410 495 1480 illo
590 1433 774 1479 unus
876 1421 1151 1479 tantum
1253 1420 1528 1478 tenetur
1622 1433 1706 1479 ex
1803 1410 1984 1479 mala
2078 1433 2228 1480 cus-

204 1537 391 1606 todia
420 1588 441 1624 ,
523 1535 644 1627 qui
726 1535 939 1626 igitur
1026 1533 1259 1602 statim
1358 1545 1463 1603 est
1562 1535 1832 1604 actione
1927 1534 2225 1604 afficien-

202 1661 382 1749 dus,
454 1660 627 1728 dum
700 1658 771 1726 in
839 1656 972 1726 hoc
1042 1656 1183 1726 duo
1264 1657 1705 1749 magistratus
1779 1657 2226 1749 obligantur,

200 1787 259 1854 si
333 1782 543 1853 ambo
612 1781 1103 1876 deliquerunt,
1180 1778 1304 1876 (cf.
1382 1792 1510 1850 art.
1583 1778 1624 1849 1
1691 1782 1779 1852 cl.
1852 1805 2014 1852 cum
2087 1795 2228 1852 art⁰

202 1906 301 1977 14
370 1907 569 2000 Legis
640 1930 694 1976 5.
746 1905 828 2002 1.)
902 1905 1072 1975 (111111
1146 1907 1324 1975 actio
1392 1905 1793 2000 principalis
1849 1920 2088 1978 contra
2141 1909 2232 1979 ci·

204 2037 490 2104 vitatem
563 2044 923 2125 tamquam
987 2030 1515 2125 depositariam,
1591 2032 2007 2103 instituenda
2083 2046 2228 2123 est,

201 2159 292 2229 cf.
355 2171 486 2228 art.
561 2153 663 2225 12¹
728 2156 920 2248 legis.
992 2179 1046 2223 s.
1119 2154 1214 2241 l.;
1289 2153 1681 2248 discrepant
1726 2179 1934 2248 porro
1982 2157 2113 2227 hac
2157 2159 2231 2226 in

199 2309 276 2353 re
302 2336 324 2374 ,
398 2282 591 2377 quod
660 2282 1103 2373 magistratus
1171 2281 1294 2374 qui
1352 2280 1714 2372 vectigalia
1761 2281 2047 2374 publica
2094 2284 2230 2352 exi-

202 2411 350 2502 git,
436 2407 691 2477 dicitur
768 2419 838 2475 et
919 2405 1222 2474 habetur
1314 2405 1772 2498 depositarius
1797 2459 1817 2496 ,
1911 2410 2228 2501 quamvis

201 2557 439 2605 revera
510 2531 839 2627 pecunias
913 2554 1053 2600 non
1126 2532 1377 2599 retinet
1448 2541 1520 2599 et
1569 2531 1872 2601 custodit
1898 2585 1918 2622 ,
1989 2533 2110 2603 sed
2157 2535 2228 2603 in

204 2660 545 2730 aerarium
618 2657 910 2726 remittit
982 2652 1143 2750 (1),
1227 2656 1298 2723 in
1368 2656 1880 2747 consignatione
1944 2670 2230 2749 contra,

206 2808 387 2878 quae
459 2781 821 2876 perficitur
891 2779 1080 2873 apud
1162 2779 1734 2874 Hypothecarum
1805 2781 2179 2855 Custodem
2208 2835 2229 2872 ,

202 2911 349 3003 ipsa
423 2908 661 2978 civitas
728 2905 1035 2975 habetur
1097 2904 1508 2997 depositaria
1566 2904 1656 2975 cf.
1714 2917 1844 2975 art.
1905 2903 2002 2975 12
2061 2907 2230 3001 legis

202 3056 257 3102 5.
334 3034 383 3103 1.
463 3031 625 3101 licet
699 3053 933 3100 revera
1004 3032 1446 3123 magistratus
1518 3031 1607 3100 sit
1679 3033 1800 3123 qui
1879 3034 2228 3124 custodit,

204 3158 295 3228 cf.
372 3169 503 3227 art.
582 3151 649 3224 1.
723 3153 799 3222 L.
874 3179 928 3224 5.
1002 3153 1052 3222 l.

350 3283 507 3352 Non
577 3278 807 3350 solum
880 3290 1116 3347 autem
1182 3276 1758 3372 Hypothecarum
1821 3280 2068 3351 Custos
2117 3281 2232 3351 de·

201 3408 573 3501 positarius
655 3403 1021 3473 habendus
1098 3415 1202 3473 est
1281 3427 1516 3471 rerum
1541 3454 1562 3492 ,
1644 3404 2032 3474 secundum
2101 3417 2230 3475 art.

83 3582 87 3624 ·.
206 3530 346 3603 591
434 3543 505 3601 et
587 3526 731 3598 506
814 3528 889 3597 C.
972 3528 1049 3598 C.
1134 3526 1654 3621 depositarum,
1728 3554 1951 3623 quum
2022 3532 2231 3600 etiam

202 3656 659 3753 Graphiarius
734 3654 983 3725 Curiae
1048 3651 1492 3722 Provincialis
1517 3705 1538 3742 ,
1610 3652 1876 3724 clavem
1938 3655 2229 3725 alteram

328 3958 421 4035 (1)
499 3954 590 4013 cf.
642 3953 765 4011 Lex
814 3955 891 4013 28
940 3974 1018 4012 111.
1067 3952 1287 4012 Nivose
1318 3974 1394 4011 an
1428 3954 1624 4025 XIII,
1668 3962 1728 4012 et
1774 3963 1882 4013 art.
1921 3960 2026 4029 14,
2057 3957 2233 4037 Epis-

209 4051 356 4110 tolae
410 4046 779 4127 (Circulaire)
833 4047 889 4104 D
946 4049 1015 4105 16
1066 4067 1143 4104 m.
1194 4048 1335 4106 Dec.
1384 4046 1524 4105 anni
1580 4050 1748 4106 1843.
