2934 5102
1132 644 1227 715 65

298 856 483 925 Fons
553 867 625 925 et
694 856 915 948 prima
976 878 1215 925 caussa
1266 879 1483 951 quare
1531 855 1746 927 debet
1793 857 2140 951 deponere
2165 912 2186 949 ‚

163 990 301 1048 oet·
358 982 513 1071 ejus
611 978 983 1065 voluntas3
1083 980 1255 1050 haec
1328 979 1662 1051 refutatio
1744 982 1930 1052 valet
2015 1006 2188 1053 sem·

164 1126 327 1195 per,
406 1105 465 1173 si
539 1102 651 1171 lex
724 1101 1119 1196 depositum
1195 1105 1265 1174 in
1340 1105 1576 1175 archio
1640 1105 1873 1198 jubet.

304 1227 687 1297 Videamus
768 1230 1103 1298 rationem
1180 1228 1350 1321 legis
1420 1231 1494 1298 in
1571 1241 1697 1299 art.
1775 1220 1871 1299 22
1946 1231 2022 1301 C.
2101 1229 2190 1300 de

165 1350 377 1421 meth.
456 1375 561 1443 pr.
636 1352 711 1419 in
782 1375 973 1422 caus,
1049 1374 1253 1445 poen.

304 1473 621 1567 Regulae
694 1475 1029 1566 generalis
1104 1477 1417 1569 exceptio
1477 1478 1548 1545 in
1615 1488 1918 1570 quatuor
1979 1477 2190 1549 delic-

167 1600 248 1667 tis
320 1598 371 1667 l.
448 1597 496 1666 l.
570 1600 963 1668 memoratis
1036 1598 1327 1669 admissa
1403 1611 1552 1688 est,
1629 1622 1718 1669 ne
1789 1623 1948 1692 pars
2007 1600 2190 1670 laesa

168 1745 233 1802 e,
272 1723 753 1815 persecutione
832 1723 903 1790 in
1000 1746 1208 1791 suum
1307 1722 1750 1791 commodum
1824 1725 2138 1792 instituta
2166 1776 2186 1813 ,

167 1848 497 1937 maiorem
568 1846 774 1915 etiam
848 1844 1166 1915 dolorem
1228 1858 1352 1915 aut
1411 1844 1852 1917 offensionem
1913 1848 2188 1939 capiat3

168 1970 219 2036 si
291 1992 359 2037 v.
436 1992 497 2039 c.
570 1970 725 2061 quis
796 1966 1118 2060 deposuit
1189 1968 1377 2062 apud
1436 1968 1786 2039 hominem
1839 1971 2138 2039 amicum
2167 2023 2188 2060 ‚

170 2090 279 2161 hic
350 2114 511 2161 vero
563 2090 775 2161 fidem
842 2091 1168 2181 violavit,
1243 2086 1457 2162 satius
1503 2091 1856 2162 interdum
1927 2092 2188 2184 ducet,

172 2217 507 2285 actionem
564 2239 707 2284 non
764 2217 1124 2286 instituere
1147 2268 1169 2305 ‚
1230 2239 1442 2309 quam
1493 2216 1779 2308 publice
1827 2216 2190 2288 ostendere

171 2360 241 2407 se
316 2362 476 2408 cum
542 2349 683 2407 tam
744 2338 1007 2408 nefario
1052 2337 1329 2409 homine
1378 2341 1676 2410 amicitia
1727 2351 1927 2411 antea
1979 2338 2190 2411 fuisse

165 2463 510 2554 junctum.
632 2463 823 2533 Haec
892 2464 1069 2532 ratio
1150 2462 1276 2531 arti
1338 2459 1435 2531 22
1460 2514 1482 2551 ‚
1557 2486 1698 2533 non
1772 2462 2011 2534 eadem
2086 2488 2189 2533 ra-

174 2587 359 2656 tione
412 2587 593 2657 valet
666 2587 735 2656 in
806 2584 1119 2679 deposito
1190 2586 1381 2680 apud
1428 2584 1896 2680 Graphiarum
1922 2640 1944 2677 ‚
2021 2611 2190 2682 quo-

172 2711 350 2780 niam
422 2711 713 2780 civitatis
780 2707 1226 2780 commodum
1296 2733 1423 2802 per
1481 2712 2029 2802 persecutionem
2079 2714 2190 2781 vix

174 2833 346 2904 laedi
421 2846 670 2928 potest.
779 2833 912 2904 Hic
968 2836 1197 2904 minus
1256 2831 1399 2902 fide
1452 2834 1676 2903 utitur
1734 2833 2140 2927 deponentis
2167 2887 2189 2925 ,

175 2961 327 3052 quia
382 2958 599 3050 ‘hujus
670 2981 809 3028 non
880 2969 983 3028 est
1054 2959 1243 3050 optio
1318 2957 1612 3027 hominis
1637 3009 1658 3046 ,
1731 2957 1920 3053 apud
1979 2984 2190 3054 quem

172 3081 607 3175 depositurus
652 3093 791 3168 est3
839 3080 1188 3173 deponens
1237 3079 1351 3150 hic
1400 3106 1563 3151 cum
1613 3077 2024 3176 Graphiario
2069 3086 2192 3155 mi·

171 3207 349 3276 nime
423 3203 703 3275 vinculo
773 3206 1145 3274 amicitiae.
1178 3215 1301 3274 aut
1356 3203 1520 3275 fidei
1579 3208 1992 3297 conjunctus
2041 3219 2190 3297 est,

173 3341 247 3398 ut
302 3331 379 3398 in
433 3351 679 3420 genere
738 3327 1088 3421 deponens
1143 3327 1572 3398 voluntarius
1631 3351 1792 3399 cum
1851 3328 2191 3422 deposita·

168 3454 287 3522 rio,
404 3452 593 3523 Haec
654 3453 880 3522 omnia
939 3451 1250 3522 efficiunt
1307 3463 1387 3521 ut
1432 3448 1823 3544 Graphiarii
1867 3475 2011 3522 non
2055 3455 2192 3522 sint

169 3575 442 3646 dicendi
535 3577 887 3646 constricti
980 3598 1063 3644 ex
1152 3564 1463 3666 deposito
1536 3576 1934 3644 necessario.
2059 3576 2191 3646 Ra·

171 3701 517 3770 tiocinatio
593 3721 748 3768 mea
839 3697 930 3767 de
1001 3696 1133 3767 hac
1203 3699 1603 3790 quaestione
1681 3699 1878 3768 unice
1947 3700 2194 3771 nititur

170 3824 396 3894 verbis
460 3823 629 3915 legis
653 3874 675 3912 ,
749 3833 892 3892 tam
961 3823 1340 3914 perspicuis
1364 3873 1384 3910 ,
1462 3832 1542 3889 ut
1615 3843 1703 3890 ne
1773 3819 1986 3892 dubia
2043 3825 2193 3917 qui·

170 3945 329 4016 dem
415 3946 889 4038 interpretatio
966 3947 1075 4014 sit.
1200 3943 1360 4014 Alia
1432 3967 1594 4014 vero
1661 3945 1972 4037 quaestio
2040 3958 2191 4036 est,

171 4071 340 4162 quid
412 4071 721 4161 aequitas
791 4067 1145 4161 postulare
1213 4066 1530 4137 videatur
1554 4066 1593 4136 ἰ’
1715 4065 2000 4162 Atque,
2083 4093 2194 4140 me
