2934 5102
1697 606 1795 679 80

729 817 1063 913 sequendi
1135 820 1205 888 in
1266 817 1461 888 foro:
1529 815 1748 909 judex
1815 816 2165 908 judicabit
2223 830 2347 889 aut
2405 821 2735 913 requiren-

730 956 801 1013 te
875 943 1150 1014 officiali
1209 942 1499 1037 publico
1558 943 1625 1011 vi
1684 943 1987 1012 muneris
2014 996 2033 1033 ‚
2087 956 2210 1013 aut
2259 944 2500 1039 aliquo
2553 947 2736 1036 cujus

729 1070 1012 1139 interest
1082 1069 1636 1163 persecutionem
1707 1079 2012 1162 petente.

872 1193 1025 1263 Non
1074 1216 1346 1285 semper
1394 1166 1705 1261 officialis
1751 1190 2082 1285 publicus
2133 1195 2552 1264 constrictus
2601 1205 2730 1279 est,

728 1318 819 1387 ad
891 1318 1443 1411 persecutionem
1473 1368 1492 1404 ‚
1577 1316 1770 1410 quod
1863 1328 2059 1411 patet
2155 1342 2240 1387 ex
2322 1320 2445 1387 art:i
2519 1315 2614 1385 27
2656 1317 2730 1385 al.

728 1441 775 1511 5
872 1439 1215 1511 vocabulo
1308 1464 1341 1507 «
1370 1441 1632 1511 kunnan
1661 1468 1717 1510 ».
1837 1440 2020 1534 Lege
2119 1443 2574 1536 praecedente
2661 1465 2728 1509 ex

728 1572 867 1637 art⁰
940 1563 1037 1635 50
1106 1564 1396 1659 patebat
1423 1618 1443 1653 ,
1521 1565 2006 1659 delinquentes
2077 1591 2351 1661 semper
2401 1591 2550 1637 esse
2591 1590 2728 1637 con-

726 1690 1152 1765 demnandos
1234 1689 1322 1759 ad
1407 1690 1748 1760 mulctam
1833 1714 1916 1759 ex
1992 1691 2394 1763 vocabulis:
2475 1718 2506 1761 «
2537 1692 2728 1762 Toute

731 1842 763 1885 «
794 1818 1312 1887 contravention
1386 1838 1536 1884 sera
1610 1816 2010 1909 poursuivie
2084 1828 2158 1885 et
2227 1818 2442 1910 punie
2516 1816 2586 1885 d’
2612 1838 2728 1886 une

728 1940 1021 2011 amende
1094 1951 1229 2009 etc.

874 2067 1026 2135 Non
1096 2065 1325 2134 solum
1396 2066 1466 2133 in
1537 2076 1773 2133 nostro
1848 2064 2086 2134 codice
2143 2065 2402 2157 judicis
2471 2066 2727 2137 arbitrio

728 2192 1059 2285 permissa
1132 2201 1236 2259 est
1309 2190 1618 2259 mulctae
1688 2188 2165 2261 decernendae
2239 2215 2512 2265 summa
2536 2244 2554 2281 ,
2623 2187 2722 2260 sed
2762 2278 2776 2293 ο

731 2315 821 2385 ab
904 2313 1091 2383 illius
1174 2316 1380 2382 etiam
1458 2314 1730 2406 judicio
1811 2314 2072 2404 stabit,
2155 2338 2329 2385 num
2415 2315 2722 2386 delictum

730 2451 1006 2509 tanturn
1076 2440 1163 2508 sit
1236 2437 1641 2508 habendum
1668 2492 1687 2529 ‚
1760 2452 1843 2509 ut
1899 2443 2295 2531 necessario
2337 2462 2724 2535 persequen-

728 2565 901 2636 dum
975 2567 1084 2635 sit.

875 2690 1243 2760 Articulus
1288 2687 1384 2758 27
1434 2690 1510 2759 C.
1547 2690 1622 2759 C.
1673 2692 1884 2783 igitur
1933 2694 2240 2762 continet
2277 2693 2720 2786 exceptionem

732 2818 854 2886 arti
894 2813 943 2883 4
993 2816 1163 2908 legis
1209 2815 1298 2885 de
1342 2839 1419 2884 re
1458 2815 1619 2906 jud.
1670 2815 1818 2886 ord.
1845 2869 1866 2906 ‚
1917 2840 2101 2910 quae
2149 2819 2464 2910 exceptio
2499 2839 2628 2886 non
2647 2813 2718 2881 vi·

727 2939 1117 3034 tuperanda
1190 2962 1336 3008 esse
1407 2939 1703 3009 videtur.
1829 2940 2004 3010 Fieri
2073 2943 2258 3011 enim
2327 2953 2595 3036 potest,
2648 2947 2722 3006 ut

726 3064 983 3134 delicta
1045 3074 1185 3131 tam
1244 3065 1437 3156 parvi
1499 3066 1636 3134 sint
1695 3068 2026 3136 momenti
2053 3119 2073 3155 ,
2151 3079 2230 3136 ut
2303 3066 2448 3136 fere
2515 3061 2719 3134 delicti

727 3211 982 3260 nomen
1052 3212 1193 3258 non
1258 3202 1658 3260 mereantur
1680 3243 1700 3279 ‚
1761 3214 1904 3284 quo
1966 3191 2152 3262 facto
2208 3193 2464 3284 injuria
2522 3189 2720 3284 potius

726 3315 925 3386 fieret
951 3367 970 3404 ‚
1075 3316 1130 3383 si
1224 3315 1658 3406 magistratui
1755 3317 1966 3407 gratis
2063 3339 2353 3386 munere
2460 3316 2716 3396 funct0,

726 3453 1011 3536 propter
1088 3451 1233 3508 tam
1317 3438 1542 3508 levem
1611 3461 1928 3509 caussam
1999 3442 2180 3509 actio
2249 3441 2718 3511 intenderetur.

872 3563 1129 3636 Omnes
1202 3564 1714 3658 persecutiones
1740 3617 1762 3653 ‚
1835 3566 2139 3657 exceptis
2202 3566 2291 3635 'iis
2357 3589 2540 3660 quae
2583 3583 2724 3658 poe-

725 3716 848 3762 nas
904 3692 978 3759 in
1036 3687 1205 3759 Cod.
1255 3687 1469 3758 Poen.
1525 3700 1939 3758 memoratas
1996 3710 2234 3760 secum
2291 3691 2618 3778 trahunt,
2666 3693 2722 3752 et

724 3814 1182 3886 intenduntur
1253 3814 1684 3906 magistratui
1755 3825 2035 3903 nostro,
2111 3812 2199 3882 ad
2261 3814 2573 3907 judicem
2625 3807 2720 3903 qui

725 3940 982 4011 caussis
1034 3936 1350 4008 civilibus
1399 3940 1674 4031 praeest
1701 3990 1721 4029 ‚
1771 3940 2164 4032 pertinent,
2217 3951 2287 4009 et
2333 3941 2516 4008 inter
2558 3956 2722 4008 caus-

722 4089 831 4137 sas
915 4063 1359 4134 correctorias
1434 4073 1667 4133 tamen
1736 4075 1876 4132 n'on
1949 4074 2117 4134 sunt·
2189 4062 2582 4134 referendae
2645 4054 2722 4128 cf.
