2934 5102
1701 586 1800 658 74

730 811 835 870 est
859 851 881 888 ,
976 784 1384 870 mandatum
1477 811 1582 870 est
1657 800 2026 891 registrum
2099 821 2184 881 ex
2257 821 2404 891 quo
2478 809 2724 891 apparet

734 947 1069 995 numerus
1148 926 1404 994 civium
1478 925 1822 1017 cujusque
1889 923 2245 1016 municipii
2271 975 2292 1011 ‚
2382 921 2572 1016 quod
2633 945 2723 1013 ap·

732 1048 1042 1142 pellatur
1128 1047 1838 1142 Bevolkinqs-reqister
1861 1100 1881 1136 ‚
1989 1047 2082 1116 cf.
2188 1047 2398 1140 Regis
2503 1045 2724 1116 decreti

732 1185 861 1244 art.
934 1170 1100 1261 10.‚
1173 1169 1271 1240 22
1344 1197 1435 1242 m.
1507 1173 1675 1242 Dee.
1752 1169 1969 1242 1849.

878 1295 1076 1388 Quae
1146 1309 1382 1366 autem
1452 1297 1546 1366 de.
1615 1307 2006 1366 ceterorum
2101 1297 2548 1387 registrorum
2611 1316 2727 1362 mo-

732 1432 969 1490 mento
1018 1422 1300 1510 monui,
1346 1420 1435 1490 dc
1485 1419 1631 1512 hoq
1668 1421 1878 1491 etiam
1928 1420 2208 1506 valent3
2267 1420 2530 1490 scilicet
2575 1442 2725 1488 com·

732 1547 1009 1639 putatio
1080 1569 1576 1636 numerorum,
1654 1546 1778 1639 qui
1845 1545 2135 1637 singulis
2205 1544 2395 1614 hisce
2467 1543 2726 1636 registris

733 1671 1177 1742 continentur
1200 1665 1231 1760 ‚'
1318 1671 1532 1740 eflicit
1623 1693 1994 1741 numerum
2092 1668 2480 1739 incolarum
2549 1667 2727 1737 totius

734 1796 977 1888 regni3
1048 1797 1105 1866 si
1176 1796 1387 1887 igitur
1459 1815 1680 1865 unum
1727 1795 1957 1888 perit,
2007 1793 2306 1874 difficilis
2354 1793 2438 1862 fit
2481 1815 2726 1884 eompu-

733 1921 905 1990 tatio
930 1971 951 2009 ,
1048 1944 1267 2013 quare
1337 1944 1643 2013 aequum
1695 1932 1844 2009 est,
1944 1930 2026 1988 ut
2096 1942 2346 2011 magna
2417 1917 2728 2010 diligentia

732 2045 803 2113 in
874 2043 1009 2114 hoc
1077 2046 1366 2137 registro
1441 2044 1900 2116 custodiendo
1926 2098 1946 2135 ‚
2019 2046 2356 2137 exigatur.
2481 2071 2494 2077 -

1555 2288 1946 2311 -ιοοῡ-

1424 2421 1912 2499 εἘοΤῙο
1993 2441 2078 2498 11.

980 2652 1065 2691 DE
1106 2652 1187 2691 ns
1231 2651 1399 2694 QUAE
1440 2651 1600 2689 SUNT
1641 2650 2064 2689 OBSERVANDA
2106 2650 2173 2689 IN
2215 2649 2524 2690 CUSTomA

1384 2759 1463 2799 ET
1505 2756 1672 2796 CURA
1711 2756 2116 2795 TABULARUM.

876 2928 993 2998 Uti
1054 2929 1202 3018 jam
1274 2925 1461 3014 dixi,
1537 2937 1607 2996 et
1677 2927 1971 2997 civitatis
2065 2938 2138 2997 et
2219 2930 2734 3021 uniuscujusque

734 3051 1117 3121 incolarum
1188 3073 1606 3143 magnopere
1677 3054 1960 3123 interest
2031 3054 2316 3145 registra
2392 3054 2564 3126 bene
2613 3076 2732 3124 cus·

737 3177 988 3266 tuditi,
1082 3175 1172 3246 cf.
1242 3200 1607 3266 vntum,
1699 3201 1762 3247 o.
1831 3202 1885 3247 s.
1960 3177 2007 3247 l.
2079 3178 2168 3249 ad
2238 3202 2398 3273 pag.
2468 3177 2610 3267 493
2669 3199 2732 3245 ex

736 3301 1095 3373 codicibus
1167 3313 1404 3372 autem
1476 3303 1724 3371 nostris
1797 3301 1980 3372 civili
2053 3314 2123 3371 et
2192 3304 2514 3395 poenali,
2607 3302 2734 3374 satis

736 3438 1025 3523 apparet
1093 3425 1559 3519 legislatorem
1630 3449 1771 3495 non
1844 3425 2046 3495 aliter
2115 3426 2250 3497 hac
2323 3426 2416 3497 de
2486 3452 2562 3499 re
2625 3438 2735 3497 sta-

734 3557 968 3624 tuisse.
1094 3551 1469 3644 Praecepta
1495 3604 1515 3640 ‚
1613 3574 1795 3646 quae
1867 3552 2223 3622 continent
2293 3552 2586 3623 modum
2646 3572 2736 3619 ne·

735 3679 1023 3747 cessarie
1094 3686 1167 3746 et
1234 3678 1473 3745 stricte
1541 3678 1612 3745 in
1683 3675 2145 3747 custodiendo
2213 3670 2734 3761 observandum,

733 3822 1080 3895 nusquam
1178 3800 1532 3893 leguntur.
1675 3802 1762 3870 In
1857 3807 1998 3871 art0
2089 3798 2211 3871 27.
2306 3802 2382 3873 C.
2481 3802 2556 3873 C.
2619 3804 2734 3894 jam

734 3942 941 4019 saepe
1010 3923 1292 3994 laudata
1318 3976 1339 4015 ,
1422 3926 1664 4019 quaeri
1739 3938 1966 4020 potest
2038 3938 2277 3997 utrum
2346 3927 2736 3997 vocabulum

738 4076 771 4119 «
799 4048 998 4143 riytiq
1025 4074 1056 4117 »
1129 4060 1404 4119 tantum
1479 4050 1569 4119 ad
1641 4052 2065 4123 vocabulum
2139 4051 2438 4141 houden,
2515 4076 2600 4122 an
2643 4049 2736 4121 eti-
