2934 5102
1650 581 1753 656 40

673 791 1068 888 judioiaire,
1124 791 1319 888 quod
1377 791 1567 887 apud
1613 816 1739 864 nos
1804 794 2088 888 quidem
2136 809 2361 868 exstat
2386 851 2410 888 ,
2486 811 2730 872 tamen

691 937 832 988 non
906 916 1042 986 sub
1111 916 1390 1011 speciali
1461 919 1737 988 nomine
1809 929 2104 1007 notumz,
2176 935 2531 1014 praeterea
2584 949 2733 995 non

692 1043 839 1112 nise
911 1065 1068 1112 raro
1140 1040 1280 1111 tale
1344 1040 1739 1136 depositum
1794 1043 1867 1112 in
1915 1044 2227 1116 archium
2276 1047 2730 1118 referendum

695 1179 878 1253 estg·
941 1189 1148 1259 saepe
1193 1221 1198 1227 .
1240 1167 1314 1235 in
1381 1166 1803 1238 ordinarium
1877 1166 2137 1238 locum‘
2200 1196 2233 1238 «
2266 1169 2733 1265 Consiqnatie-

697 1290 892 1362 hassa
919 1316 951 1359 »
1026 1289 1319 1360 dictum.
1503 1379 1509 1384 ,

842 1416 910 1483 Si
969 1415 1302 1514 inspectio
1361 1416 1432 1484 in
1491 1414 1647 1487 loco
1704 1417 2066 1510 perficitur
2086 1471 2107 1508 ,
2165 1420 2423 1490 itineris
2472 1443 2735 1514 expen-

695 1563 802 1611 sas
827 1593 850 1630 ‚
925 1541 983 1610 is
1006 1591 1027 1629 ,
1099 1541 1220 1634 qui
1277 1541 1477 1633 petiit
1538 1541 2032 1635 inspectionem
2102 1565 2251 1611 eam
2282 1593 2305 1631 ‚
2377 1543 2734 1637 deponere

693 1665 765 1733 in
862 1663 1096 1734 archio
1191 1663 1452 1754 debet,
1549 1665 1638 1735 cf.
1736 1675 1865 1735 art.
1954 1662 2122 1734 221.
2192 1666 2270 1735 C.
2344 1666 2434 1736 de
2506 1669 2729 1739 meth.

691 1812 884 1882 proc.
959 1789 1030 1857 in
1101 1788 1176 1857 C.
1252 1787 1327 1858 C.
1450 1788 1650 1859 Idem
1733 1788 2126 1882 depositum
2200 1790 2541 1884 judiciale
2626 1792 2732 1862 lo-

695 1937 856 1985 cum
931 1911 1193 2002 habet,
1265 1913 1320 1981 si
1395 1911 1703 1981 tribunal
1766 1913 1975 2005 jussit
2050 1923 2311 1983 certam
2380 1939 2730 1984 summam

691 2038 1028 2131 pecuniae
1091 2033 1567 2129 deponendam
1642 2037 1713 2104 in
1784 2035 2019 2106 a'rchio
2042 2088 2063 2125 ,
2126 2047 2207 2105 ut
2254 2060 2339 2106 ex
2386 2039 2466 2108 iis
2516 2063 2732 2108 num-

691 2161 798 2230 nis
897 2181 1235 2253 expensae
1330 2158 1732 2248 solvantur‚
1842 2183 2015 2253 quas
2110 2161 2326 2232 altera
2422 2162 2729 2233 venditio

691 2282 1007 2378 postulat
1030 2335 1051 2372 ‚
1114 2283 1382 2376 quoties
1439 2282 1703 2352 scilicet
1751 2284 2182 2354 contendunt
2208 2308 2254 2374 ,·
2303 2286 2394 2355 ab
2458 2268 2731 2358 emtore

692 2432 835 2478 non
906 2405 1334 2478 satisfactum
1407 2429 1553 2477 esse
1601 2406 2107 2480 conditionibus
2132 2461 2155 2499 ,
2232 2410 2326 2480 cf.
2376 2423 2507 2480 art.
2552 2409 2729 2480 551.

692 2533 770 2604 C.
845 2531 935 2603 de
1011 2529 1225 2601 meth.
1299 2555 1490 2625 proc.
1528 2532 1636 2601 ·in
1706 2530 1781 2602 C.
1856 2532 1932 2603 C.
1962 2586 1981 2623 ,
2070 2533 2205 2605 sub
2286 2534 2547 2629 quibus
2621 2561 2731 2607 res

693 2657 798 2727 illi
864 2668 1061 2728 erant
1133 2656 1590 2748 adjudicatae.
1714 2656 2105 2729 Videantur
2164 2661 2376 2753 'porro
2449 2658 2548 2764 de
2614 2661 2732 2731 de·

693 2782 922 2875 posito·
988 2779 1322 2850 habendis
1380 2782 1673 2873 pecunia
1734 2793 1805 2851 et
1864 2780 2117 2851 chartis
2143 2834 2162 2871 ‚
2222 2784 2557 2875 pecuniae
2618 2809 2731 2854 va-

697 2904 917 2974 lorem
1013 2902 1481 2994 habentibus,
1576 2917 1736 2975 artt.
1836 2903 1983 2975 510
2076 2914 2148 2976 et
2242 2903 2412 2975 445.
2486 2907 2563 2977 C.
2644 2908 2733 2978 de

698 3026 914 3099 meth.
985 3050 1176 3123 proc.
1245 3028 1319 3097 in
1390 3027 1465 3098 C.
1540 3028 1615 3099 C.

1622 3219 1798 3319 §4

845 3402 970 3474 Est
1042 3425 1258 3495 genus
1332 3424 1565 3471 rerum
1654 3413 2039 3471 memoratu
2118 3401 2407 3495 dignum
2434 3456 2455 3492 ,
2556 3428 2731 3499 quas

700 3527 1151 3623 Graphiarius
1232 3525 1537 3597 custodit
1564 3577 1585 3613 ‚
1679 3548 1929 3619 nempe
2008 3527 2465 3597 instrumenta
2550 3553 2730 3623 quae

701 3653 1152 3747 deponuntur
1226 3663 1305 3720 ut
1375 3651 1827 3745 inspiciantur
1895 3650 1988 3720 ab
2059 3652 2137 3721 iis
2164 3704 2185 3740 ,
2257 3675 2562 3746 quorum
2637 3656 2733 3723 in-

706 3787 962 3861 terest3
1057 3775 1156 3845 sic
1251 3774 1545 3867 legimus
1640 3775 1711 3843 in
1806 3772 1969 3844 art⁰.
2050 3770 2217 3843 856.
2300 3775 2377 3845 C.
2458 3776 2552 3847 Μ.
2648 3779 2731 3848 de

707 3900 1154 3971 conventione
1251 3896 1340 3967 de
1427 3921 1594 3967 aere
1692 3898 1915 3968 alieno
2010 3897 2339 3968 solvendo
2398 3902 2493 3969 -in
2568 3925 2731 3975 casu

705 4023 1088 4097 decoctoris
1161 4020 1331 4092 acris
1421 4023 1647 4093 alieni.
1748 4022 2008 4096 Eodem
2082 4021 2291 4110 modo
2364 4023 2454 4095 de
2524 4028 2733 4121 scrip-
