2934 5102
1196 592 1292 664 95

239 815 387 874 sunt
478 806 925 897 magistratus
1006 816 1092 874 ut
1163 804 1235 872 in
1310 805 1862 899 uniuscujusque
1958 829 2260 879 commo-

239 929 394 999 dum
418 940 447 1019 ,‘
492 929 667 1000 haec
729 931 1190 999 instrumenta
1250 929 1666 1000 custodiant.
1769 931 1944 1001 Inde
1985 935 2104 1025 jus
2153 945 2259 1004 est

240 1057 482 1124 civitati
516 1055 672 1148 lege
712 1054 1098 1149 imperandi
1137 1055 1632 1147 inspectionem
1668 1056 1978 1124 omnium
2016 1079 2258 1126 eorum
2366 1106 2370 1110 -

240 1180 845 1250 instrumentorum
872 1233 893 1268 ,
968 1197 1052 1248 eo
1126 1178 1411 1249 consilio
1489 1191 1570 1248 ut
1641 1181 1892 1250 certior
1939 1180 2107 1270 fiat,
2164 1161 2258 1250 an

241 1303 591 1397 diligenter
640 1315 1172 1390 conserventur,
1233 1303 1405 1374 haee
1456 1285 1692 1374 autem
1738 1304 2102 1399 perficitur
2151 1306 2256 1376 bis

240 1430 513 1520 singulis
561 1431 755 1499 annis
807 1453 847 1498 a
896 1430 1305 1520 magistratu
1356 1430 1478 1522 qui
1549 1429 1806 1498 dicitur
1879 1429 2258 1524 Inspecteur

246 1552 704 1646 Verificateur,
778 1555 894 1624 eui
967 1553 1099 1623 hae
1186 1553 1275 1622 de
1358 1575 1433 1623 re
1500 1555 1679 1622 inter
1737 1553 1869 1622 alia
1927 1556 2258 1647 praescri-

237 1675 419 1748 bitur
479 1677 585 1748 his
646 1671 920 1748 rerbisx
999 1702 1031 1744 «
1056 1677 1156 1770 τῇ
1223 1676 1514 1770 beriyten
1585 1684 1862 1746 omtrent
1921 1677 2000 1747 de
2058 1677 2258 1748 bewa-

240 1827 269 1869 «
294 1801 435 1896 riny
506 1827 588 1872 en
656 1802 736 1874 de
807 1801 1072 1895 berqiny
1136 1825 1263 1872 van
1307 1802 1387 1872 de
1434 1801 1812 1873 kadastrale
1857 1802 2133 1873 kaarten
2177 1825 2259 1876 en

236 1952 270 1995 «
295 1928 595 2020 reyisters
618 1953 649 1994 »
704 1923 843 2022 (1).
2055 1959 2062 1964 ·

372 2052 667 2146 Insuper
708 2051 1282 2146 Hypothecarum
1324 2051 1611 2122 Custodi
1641 2075 1781 2122 non
1808 2052 2011 2143 licet,
2055 2053 2257 2123 nullo

236 2178 504 2246 omnino
578 2200 741 2245 casu
770 2228 790 2265 ,
865 2177 1325 2245 instrumenta
1396 2175 1666 2246 deferre
1734 2200 1818 2247 ex
1867 2177 2022 2247 loco
2069 2177 2257 2248 dieto

237 2327 271 2368 «
296 2301 609 2395 openbare
659 2300 1126 2396 bewaarplaats
1154 2325 1185 2368 »
1240 2299 1366 2396 (ef.
1416 2312 1546 2369 art.
1599 2300 1643 2369 5
1670 2353 1691 2390 ,
1741 2301 1916 2372 Cire.
1945 2299 2042 2371 10
2067 2302 2255 2394 Aug.

234 2422 464 2516 1844,
518 2433 622 2498 ΠΟ.
681 2423 1179 2523 729),·omnia
1231 2425 1417 2495 haee·
1449 2405 1818 2518 praecepta
1871 2425 2106 2496 valent
2167 2426 2257 2496 de

233 2553 309 2621 iis
356 2553 831 2623 instrumentis
878 2574 1061 2645 quae
1111 2549 1424 2620 efficiunt
1498 2548 1570 2618 id
1635 2548 1828 2644 quod
1899 2574 2023 2620 nos
2093 2551 2258 2622 dici·

233 2700 385 2746 mus
476 2702 508 2745 «
536 2676 647 2747 het
730 2675 1001 2767 archies'
1016 2700 1047 2743 »
1137 2673 1301 2744 lieet
1394 2672 1507 2743 lex
1583 2672 1840 2743 habere
1913 2675 2257 2769 quaedam

232 2824 468 2871 eorum
552 2823 695 2869 non
770 2798 1044 2891 jubeat.
1170 2798 1646 2867 Instrumenta
1725 2799 1796 2867 in
1875 2810 2035 2868 artt.
2111 2797 2253 2869 591

228 2935 299 2994 et
374 2922 517 2995 506
589 2935 969 2993 memorata
1018 2924 1163 2992 sine
1212 2921 1429 2992 dubio
1473 2934 1833 2993 remanent
1875 2921 2258 2995 dominium

227 3051 537 3143 ipsorum
584 3072 826 3119 eorum
878 3049 1000 3142 qui
1050 3059 1214 3117 sunt
1270 3049 1570 3117 minores
1639 3060 1766 3116 aut
1837 3048 1972 3118 sub
2007 3074 2207 3120 *eura
2235 3101 2255 3139 ,

228 3176 541 3268 quamvis
588 3198 627 3243 a
675 3184 907 3243 tutore
952 3183 1075 3241 aut
1127 3183 1444 3247 curatore
1491 3174 1630 3241 sint
1675 3172 2057 3265 depositae,
2115 3196 2256 3243 ma-

226 3301 408 3369 xime
453 3302 525 3368 in
572 3298 824 3369 horum
874 3299 1197 3389 gratiam,
1251 3298 1354 3366 uti
1399 3320 1561 3390 pars
1608 3298 1833 3387 major
1881 3297 2258 3368 voluerunt

224 3426 296 3493 in
345 3420 963 3495 deliberationibus
1011 3419 1101 3489 de
1146 3419 1298 3512 lege
1346 3416 1443 3487 26
1491 3442 1586 3487 m.
1647 3421 1812 3511 maji
1869 3416 2060 3489 1841
2113 3418 2253 3518 (2).

348 3781 436 3859 (1)
521 3778 613 3837 Cf.
664 3776 966 3855 Epistola,
1019 3774 1385 3852 (Circulaire)
1441 3774 1519 3831 30
1567 3791 1646 3829 m.
1697 3771 1838 3831 Dee.
1906 3774 2088 3847 1850,
2149 3779 2259 3835 sub

228 3876 259 3947 §
310 3876 435 4044 6ξ2)
520 3963 633 4021 Off.
666 3961 1113 4021 deliberationes
1145 3961 1218 4019 de
1248 3960 1414 4019 hisce
1454 3950 1694 4016 habitae
1727 3958 1824 4016 die
1863 3960 1932 4017 16
1967 3980 2045 4019 m.
2079 3961 2259 4023 Mart.

235 4061 417 4132 1841,
463 4055 800 4117 staatsblad
831 4056 923 4114 110.
966 4057 1055 4112 12.
