2934 5102
1746 585 1843 655 50

785 796 944 888 legii
1038 793 1404 864 tribunalis
1491 794 1701 882 socii,
1790 794 1890 861 uti
1970 793 2179 860 etiam
2279 791 2591 862 officialis
2680 817 2787 886 pu-

787 919 1059 1008 blicuS,
1121 920 1240 1011 jus
1314 916 1624 1005 habent,
1697 914 1870 985 haec
1942 926 2097 984 acta
2171 914 2262 984 ab
2311 914 2547 986 6161110
2575 917 2786 991 ,dedu-

788 1042 1033 1132 cendi‚
1104 1040 1485 1112 dummodo
1544 1063 1625 1110 ea
1682 1041 1753 1108 in
1811 1039 2098 1108 domum
2157 1061 2353 1108 suam
2416 1039 2785 1126 deducant,

787 1179 858 1238 et
951 1168 1234 1258 iusuper
1325 1165 1582 1257 scripto
1679 1174 2020 1233 testentur
2045 1213 2065 1251 ‚
2136 1185 2210 1232 se
2288 1161 2507 1232 talem
2576 1176 2784 1233 actum

787 1290 1124 1382 recepisse
1196 1299 1266 1357 et
1332 1287 1618 1357 domum
1676 1286 2041 1358 deduxisse
2067 1337 2088 1375 ‚
2143 1285 2235 1355 cf.
2296 1298 2431 1356 art..
2482 1285 2581 1357 65
2634 1313 2685 1356 5.
2746 1286 2785 1354 l.

790 1411 1163 1505 Quaeritur
1230 1435 1402 1481 num
1467 1413 1548 1480 iis
1621 1411 1825 1480 liceat
1896 1433 1975 1480 ea
2046 1421 2197 1479 acta
2272 1411 2358 1480 ad
2420 1434 2782 1498 carcerem,

791 1537 916 1608 ubi
989 1536 1373 1605 testimonia
1450 1533 1673 1604 audiri
1744 1534 1969 1604 solent
1995 1587 2015 1624 ,
2092 1545 2214 1603 aut
2284 1535 2355 1602 in
2428 1535 2642 1606 alium
2708 1534 2782 1602 lo
2862 1571 2864 1616 3

793 1685 957 1732 cum
1028 1660 1394 1753 deportare
1417 1657 1456 1727 ‘2
1530 1659 1642 1728 cui
1715 1659 2098 1751 quaestioni
2167 1658 2486 1750 negando
2544 1680 2784 1752 respon·
2862 1655 2864 1724 Ϊ

792 1785 1102 1856 (1611(111111
1143 1795 1316 1854 ‘esse
1339 1836 1364 1872 ‚
1431 1782 1728 1852 videtur.
1851 1781 2037 1852 Inter
2104 1805 2221 1852 eas
2289 1806 2398 1852 res
2458 1807 2631 1876 quas
2692 1781 2782 1850 de-

791 1931 1068 1980 movere
1149 1931 1234 1978 ex
1319 1906 1552 1976 archio
1634 1905 1798 1976 licet
1823 1957 1845 1995 ,
1930 1907 2141 1976 etiam
2221 1905 2584 1977 referenda
2650 1916 2781 1977 sunt

794 2044 948 2102 acta
1018 2044 1089 2102 et
1160 2033 1618 2101 instrumenta
1689 2053 1767 2099 ea
1792 2082 1813 2120 ‚
1887 2054 2069 2123 quae
2127 2042 2469 2100 vocantur
2549 2055 2581 2100 (ι
2604 2032 2781 2101 minu-

798 2182 831 2225 «
859 2164 964 2226 ten
989 2208 1010 2245 ‚
1058 2154 1374 2248 'reqisters
1398 2207 1418 2244 ,
1476 2153 1755 2224 slukken
1811 2177 1941 2224 aan
1998 2153 2109 2225 het
2160 2153 2425 2247 colleqie
2478 2155 2779 2226 behoorew

799 2303 831 2346 «
856 2279 936 2349 de
959 2330 980 2368 ‚
1072 2278 1355 2348 alsmede
1431 2278 1513 2348 de
1592 2277 1870 2348 stukken
1949 2301 2077 2348 van
2158 2278 2627 2372 overtuiyiny.»
2712 2273 2779 2345 cf.

798 2415 925 2472 art.
1020 2401 1115 2472 65
1211 2399 1291 2470 20
1386 2401 1583 2492 Legis
1679 2399 2157 2498 (Reglement)
2250 2426 2307 2470 5.
2386 2401 2441 2470 1.
2542 2402 2779 2472 Praeter

797 2526 1007 2599 verba
1075 2549 1283 2621 supra
1353 2524 1635 2595 laudata
1696 2525 1829 2595 alia
1876 2525 2073 2595 nulla
2123 2538 2642 2617 memorantur,
2686 2522 2779 2594 ubi

799 2652 888 2725 de
985 2650 1406 2722 deducendis
1499 2636 1971 2720 instrumentis
2042 2662 2237 2719 extra
2308 2651 2621 2721 archium
2645 2702 2665 2737 ‚
2730 2649 2780 2716 in

801 2777 954 2867 lege
1022 2798 1246 2846 sermo
1319 2785 1422 2843 est
1448 2826 1467 2861 ‚
1551 2773 1738 2842 unde
1821 2774 2213 2866 gravissima
2286 2776 2510 2844 oritur
2582 2795 2782 2868 quaes-

801 2901 900 2969 tio
925 2951 948 2987 ‚
1020 2922 1192 2967 num
1258 2920 1370 2966 res
1441 2896 1531 2966 de
1600 2896 1861 2990 quibus
1931 2896 2129 2966 nulla
2198 2896 2282 2966 fit
2362 2900 2664 2987 mentio,
2721 2917 2783 2963 ex
2860 2882 2862 2907 ³

804 3020 1036 3091 archio
1104 3023 1254 3115 ipso
1324 3033 1446 3089 aut
1520 3034 1711 3089 extra
1770 3020 1971 3090 aedes
2030 3022 2209 3113 ipsas
2265 3020 2619 3115 deportari
2668 3042 2782 3115 pos-

804 3147 961 3216 sint.
1113 3144 1277 3213 Mihi
1367 3143 1642 3213 videtur
1723 3145 1794 3214 in
1872 3143 2005 3215 hac
2086 3146 2486 3237 quaestione
2580 3142 2783 3237 dijudi-

805 3269 1022 3340 canda
1051 3322 1071 3359 ,
1131 3292 1276 3338 esse
1331 3266 1940 3359 distinguendum3
2009 3269 2082 3336 in
2150 3269 2451 3339 sectione
2510 3268 2631 3338 1¹¹²·
2678 3287 2785 3335 mo·

805 3395 928 3464 nui
1000 3415 1109 3463 res
1181 3414 1220 3459 a
1290 3372 1701 3483 Graphiario
1767 3389 2142 3460 custoditas
2167 3443 2187 3480 ,
2262 3368 2659 3462 dividendas
2715 3410 2786 3456 es·

808 3541 880 3588 se
907 3570 927 3607 ,
1002 3518 1068 3585 in
1141 3537 1254 3584 eas
1328 3537 1510 3607 quae
1580 3515 1931 3606 pertinent
2004 3513 2095 3583 ad
2164 3506 2524 3605 tribunal,
2606 3528 2671 3585 et
2737 3512 2787 3578 in

811 3664 924 3711 eas
983 3662 1280 3733 quarum
1341 3635 1532 3729 apud
1589 3636 1759 3707 alios
1818 3635 2199 3706 dominium
2257 3649 2363 3706 est
2388 3690 2411 3727 ‚
2474 3638 2597 3709 sed
2646 3652 2787 3729 quae

809 3762 1252 3833 nihilominus
1324 3784 1452 3854 pro
1506 3771 1712 3829 certo
1783 3771 2094 3853 ternpore
2161 3755 2555 3853 Graphiarii
2606 3769 2789 3829 custo·

813 3887 1004 3956 diae.
1037 3883 1336 3955 creditae
1407 3895 1593 3953 sunt.
1692 3883 1946 3954 Caussa
2016 3905 2233 3976 quare
2304 3870 2429 3953 has
2500 3906 2607 3955 res
2670 3900 2789 3975 pro-

811 4012 994 4081 xime
1058 4008 1388 4078 indicatas
1458 4009 1738 4077 omnino
1806 4009 1876 4077 in
1934 4006 2167 4077 archio
2226 4006 2626 4077 detinendas
2677 4022 2790 4075 esse
2858 4046 2860 4121 2
