2934 5102
1609 605 1757 678 134

1644 816 1730 887 V.

819 1028 971 1097 Arti
1032 1024 1177 1099 868
1251 1028 1329 1098 C.
1404 1028 1480 1098 C.
1603 1027 1816 1097 verba
1843 1014 1850 1025 ’
1873 1027 2119 1097 ultima
2185 1053 2215 1096 «
2245 1027 2348 1097 als
2395 1026 2502 1119 huj·
2549 1050 2714 1097 voor

674 1179 705 1222 «
732 1153 876 1224 zich
946 1177 1025 1223 en
1096 1153 1238 1247 zzjn
1306 1151 1648 1246 lauisyezin
1703 1150 1936 1246 noodiq
1993 1151 2174 1244 heeft
2201 1178 2233 1221 »
2263 1204 2283 1243 ,
2343 1175 2484 1246 non
2533 1165 2709 1223 sunt

669 1281 949 1350 strictae
998 1278 1603 1374 interpretationiS.

1622 1528 1748 1600 VI.

818 1752 1347 1849 superficiarius
1427 1764 1532 1823 est
1613 1752 1934 1823 dominus
2017 1751 2491 1824 aedificiorum
2518 1806 2540 1845 ‚
2633 1755 2708 1824 in

670 1877 890 1949 fundo
962 1876 1434 1972 superficiario
1509 1888 2091 1949 constructorum.

1603 2129 1768 2201 VII.

816 2354 988 2425 Jura
1062 2353 1453 2450 superficiei
1529 2366 1599 2425 et
1668 2352 2252 2450 emphytheuseos
2314 2359 2479 2449 jure
2551 2382 2714 2429 nos·

676 2489 783 2550 tro
858 2504 998 2551 non
1069 2481 1532 2574 acquiruntur
1605 2482 2050 2577 usucapione.

1585 2733 1788 2804 VIII.

814 2957 903 3026 In
986 2953 1123 3025 art⁶
1204 2954 1398 3026 1006
1483 2956 1520 3052 ᾗ
1591 2955 1639 3025 ‘2
1712 2957 1784 3027 hi
1865 2957 2345 3050 significantur
2425 2960 2710 3032 fructus

670 3081 793 3174 qui
864 3104 1100 3152 revera
1172 3105 1255 3152 ex
1332 3104 1408 3151 re
1482 3081 1710 3175 legata
1784 3085 2095 3178 percepti
2167 3096 2354 3155 sunt.

1629 3345 1747 3415 IX.

818 3569 1043 3638 Minus
1115 3579 1307 3638 recte
1374 3592 1474 3636 οι.
1543 3591 1879 3639 οΡῑοοΜΕιι
1906 3622 1926 3659 ,
2007 3572 2077 3640 in
2134 3572 2710 3648 adnotationibus

672 3696 763 3766 ad
846 3707 973 3765 art.
1060 3689 1255 3763 1612
1331 3693 1368 3788 §
1441 3691 1485 3762 1
1564 3694 1639 3764 C.
1711 3693 1838 3787 C.‚
1923 3697 1994 3765 in
2067 3720 2276 3792 opere
2341 3699 2451 3770 het
2524 3701 2713 3774 Bur-

669 3820 914 3916 yerltjk
992 3817 1298 3890 Welboek
1324 3871 1345 3909 ‚
1410 3819 1630 3914 (Tom.
1682 3819 1797 3889 III
1845 3821 1933 3891 ad
1981 3845 2142 3916 pag.
2193 3822 2338 3893 155
2390 3838 2461 3894 et
2512 3831 2713 3927 sqq.)

672 3947 1087 4017 locationem
1163 3942 1698 4014 conductionem
1763 3947 1926 4038 jure
1993 3959 2230 4019 nostro
2297 3951 2416 4042 jus
2485 3953 2560 4021 in
2632 3979 2715 4025 re

671 4096 817 4144 esse
892 4069 1267 4140 contendit.
