2934 5102
835 1137 1323 1211 CAPUT
1421 1141 1548 1211 VI.

312 1359 393 1403 DE
444 1357 846 1403 uaelsrnssu
897 1359 1003 1417 QUI
1054 1359 1431 1404 vacuarum
1487 1362 1752 1407 Panum
1805 1364 2020 1410 Exlen·
2045 1395 2065 1429 ,

868 1456 1505 1556 (EXACTORE)

884 1821 1365 1881 SECTIO
1448 1825 1498 1883 Ι.

302 2004 385 2045 DE
423 2002 758 2043 EXACTORE
798 2001 1141 2052 UNxvssRsz,
1183 2003 1263 2041 ET
1302 2003 1385 2042 DE
1424 2002 1507 2042 IIS
1549 2002 1718 2045 QUAE
1757 2004 2079 2047 CUSTODIT.

1039 2144 1264 2269 51.

326 2329 802 2421 Magistratum
853 2325 941 2395 de
989 2348 1130 2420 quo
1177 2349 1367 2395 nunc
1414 2327 1616 2398 nobis
1659 2329 2012 2421 agendum
2059 2346 2196 2425 est,

190 2454 243 2523 is
312 2466 415 2526 est
489 2476 699 2546 quem
777 2434 989 2545 vulgo
1066 2460 1415 2543 ontvcmqer
1472 2452 1592 2523 der
1647 2453 2017 2548 reyiatratie
2080 2458 2199 2530 der

189 2579 594 2674 yereyteltsjke
664 2578 861 2648 ahten
886 2629 907 2668 ‚
982 2600 1329 2647 vocamus.
1449 2577 1694 2648 Plures
1748 2592 1982 2652 autem
2031 2597 2196 2654 sunt

190 2707 617 2799 magistratus
709 2705 830 2798 qui
920 2703 1197 2772 nomine
1282 2727 1313 2769 «
1342 2710 1695 2796 ontvanyer
1722 2730 1752 2772 »
1837 2705 2198 2800 designan-

189 2841 323 2921 tur,
374 2831 481 2900 uti
527 2831 583 2898 is
634 2830 755 2924 qui
794 2826 1188 2920 vectigalia,
1239 2826 1481 2897 directe
1528 2827 1924 2923 belastinqen
1971 2831 2190 2924 dicta,

187 2967 251 3023 et
295 2957 349 3036 is
397 2956 521 3050 qui
572 2955 741 3024 certi
801 2956 912 3046 cuj
926 2951 1167 3023 usdam
1228 2953 1585 3046 municipii
1631 2955 1992 3048 vectigalia
2057 2956 2192 3053 (qe-

184 3075 893 3174 meante-balastinqen)
967 3078 1219 3170 exigit,
1298 3076 1387 3147 de
1447 3077 1706 3171 quibus
1759 3079 1902 3151 fere
1949 3083 2192 3155 eadem

182 3206 407 3276 valent
486 3227 665 3300 quae
744 3202 833 3274 de
914 3201 1039 3272 illo
1064 3254 1084 3291 ,
1174 3203 1377 3295 cujus
1460 3206 1766 3275 muneris
1854 3209 2190 3278 rationem

181 3330 495 3424 equidem
566 3351 903 3424 exponam
928 3380 947 3416 ‚
1024 3338 1366 3422 quatenus
1439 3329 1703 3398 scilicet
1769 3353 1932 3399 cum
1982 3331 2190 3426 depo-

180 3455 302 3525 sito
370 3454 661 3550 publico
742 3477 1113 3524 commune
1188 3464 1338 3538 est3
1412 3475 1619 3546 porro
1695 3452 1872 3524 alius
1941 3459 2190 3548 magis-

180 3590 395 3650 tratus
475 3591 579 3650 est
604 3632 623 3669 ‚
706 3579 831 3672 qui
911 3578 1167 3647 dicitur
1240 3586 1592 3670 ontvanqer
1662 3601 1790 3648 van
1859 3579 1969 3650 het
2041 3580 2192 3651 bui-

179 3713 531 3799 tenqewoon
599 3703 777 3796 zeqel
797 3731 826 3783 ‚·
897 3703 1197 3796 denique
1253 3704 1309 3772 is
1360 3704 1570 3772 etiam
1621 3701 2014 3775 laudandus
2066 3708 2189 3799 qui

177 3827 425 3899 dicitur
498 3837 851 3922 ontvanqer
898 3851 1027 3898 van
1072 3826 1197 3898 den
1244 3827 1622 3920 Rzsjnvaart.
1724 3829 2188 3926 Praecipuum

176 3953 421 4024 horum
494 3955 803 4025 omnium
877 3953 1188 4023 officium
1288 3965 1391 4022 est
1417 4005 1436 4041 ,
1535 3953 1910 4047 recipiendi
1939 4008 1958 4044 ,
2035 3981 2189 4026 cus·

178 4079 474 4150 todiendi
501 4132 521 4169 ‚
609 4091 678 4148 et
776 4075 1173 4149 remittendi
1245 4078 1577 4171 pecunias
1605 4130 1626 4166 ‚
1713 4078 2012 4150 diversas
2093 4081 2188 4150 oh

880 4199 886 4204 ’
1655 4200 1700 4270 8
