2934 5102
1166 643 1264 718 25

203 868 308 927 cst
334 909 354 947 ‚
435 855 630 950 quod
720 867 852 924 art.
935 851 1028 924 41
1117 853 1332 947 hujus
1413 855 1585 947 legis
1672 865 1942 950 spectat
2030 856 2237 926 etiam

204 980 722 1070 Tabellionem‚
799 981 920 1050 cui·
979 979 1289 1050 custodia
1365 991 1437 1048 et
1494 1003 1661 1049 cura
1723 991 2010 1051 actuum
2036 1033 2056 1070 ,
2119 981 2241 1075 qui

203 1107 274 1174 in
372 1104 739 1198 publicum
835 1105 1362 1199 receptaculum
1434 1116 1604 1174 sunt
1680 1104 1911 1174 tralati
1938 1157 1959 1193 ‚
2058 1128 2243 1174 eom·

204 1231 410 1301 missa
487 1243 639 1318 θεῖς
739 1229 860 1300 sed
943 1228 1057 1299 hic
1141 1241 1270 1301 art.
1345 1231 1689 1321 ‘majorem
1774 1230 2243 1300 extensionem

205 1356 480 1448 accepit
576 1357 646 1424 in
743 1366 872 1424 art.
961 1351 1100 1443 69,
1183 1377 1324 1447 quo
1408 1353 1903 1447 praescribitur
1999 1353 2244 1424 Tabel-

208 1479 422 1569 lioni‚
517 1502 606 1548 ne
679 1490 877 1548 actus
951 1491 1085 1548 ete.
1169 1500 1258 1547 ne
1339 1499 1464 1546 sua
1539 1476 1825 1571 quidem
1897 1500 2108 1547 manu
2203 1501 2243 1548 e

207 1605 364 1674 loco
459 1603 549 1672 ad
638 1603 1024 1700 *odiam
1121 1600 1460 1671 indicato·
1530 1601 1897 1672 transferat
1921 1653 1942 1691 ‚
2050 1602 2244 1696 quod

209 1734 372 1799 art0.
447 1727 539 1798 41
619 1728 930 1800 Tabellio
1002 1751 1140 1799 non
1213 1727 1628 1816 vetabatur,
1676 1726 2057 1798 dummodo
2126 1752 2245 1801 cu·

206 1867 390 1925 raret
415 1907 436 1944 ‚
533 1879 622 1924 ne
721 1857 768 1925 ii
863 1867 1062 1925 aetus
1157 1855 1229 1922 iu
1321 1853 1615 1922 alienam
1704 1877 1989 1923 manum
2078 1854 2241 1923 inci-

208 1979 476 2050 derent.
619 1979 722 2048 Ex
820 1978 928 2048 his
1024 1977 1412 2071 praeceptis
1514 1989 1801 2071 apparet
1900 1978 2243 2070 legislato-

209 2105 268 2174 ri
366 2129 614 2175 curae·
671 2105 882 2174 fuisse
981 2105 1237 2174 bonam
1335 2102 1723 2174 custodiam
1818 2105 2243 2174 instrumen-

211 2242 444 2300 torum
469 2283 490 2320 ‚
572 2229 694 2300 sed
782 2251 1078 2324 poenam
1154 2228 1640 2298 tantummodo
1722 2232 2081 2300 constituit
2170 2231 2242 2300 in

210 2379 373 2424 eum
399 2405 420 2443 ,
496 2359 607 2447 cuj
621 2381 698 2425 us
768 2354 1187 2448 negligentia
1249 2364 1318 2422 et
1379 2353 1565 2422 mala
1626 2355 1935 2424 custodia
2005 2354 2242 2425 delicti

212 2504 416 2549 causa
481 2479 688 2571 fuit,
789 2503 930 2549 non
1012 2480 1082 2547 in
1165 2478 1421 2547 malam
1514 2478 1900 2549 custodiam
1997 2481 2242 2575 ipsam.

209 2606 364 2675 Arti
427 2604 517 2676 61
597 2606 646 2675 l.
723 2632 775 2676 s.
853 2605 900 2674 l.
977 2603 1186 2675 verba
1259 2616 1499 2675 carent
1570 2604 1887 2674 clausula
1968 2606 2243 2697 poenali

209 2732 540 2827 specialit,
640 2730 925 2801 sortasse
1011 2742 1139 2799 art.
1227 2726 1323 2798 50
1406 2729 1454 2797 l.
1536 2753 1591 2797 s.
1678 2727 1726 2796 l.
1815 2728 2013 2798 affert
2099 2752 2243 2799 mo·

209 2857 382 2926 dum
410 2909 431 2945 ,
504 2879 647 2948 quo
720 2836 1030 2925 Tabellio
1102 2876 1398 2947 poenam
1484 2853 1678 2923 luere
1766 2856 1917 2947 cogi
1989 2857 2245 2948 poterit

209 2992 499 3074 propter
584 2979 840 3051 malam
918 2978 1354 3064 custodiamz,
1454 2979 1527 3047 in
1626 2978 2244 3050 deliberationibus

210 3106 302 3173 de
375 3104 511 3173 hoe
583 3104 752 3197 legis
827 3104 1121 3173 articulo
1195 3102 1496 3193 habitis,
1574 3103 1821 3173 melius
1892 3104 2245 3175 duxerunt

210 3252 374 3323 pars
448 3230 671 3321 major
738 3226 980 3298 Ordin.
1051 3224 1306 3297 Gener.
1333 3280 1354 3317 ‚
1431 3228 1767 3298 tribunali
1850 3230 2244 3323 relinquere

200 3356 324 3446 jus
393 3351 986 3447 reprehendendi,
1063 3350 1254 3446 quod
1338 3364 1500 3421 ante
1573 3354 1931 3444 conjuncti
2003 3352 2242 3423 Tabel-

211 3480 428 3550 liones
503 3477 626 3573 (de
700 3476 990 3546 Kamers
1062 3476 1186 3547 der
1257 3474 1685 3573 Notarissen)
1759 3477 2243 3547 excercebant.

209 3604 363 3673 Hae
423 3603 623 3696 lege,
686 3600 774 3672 ef.
840 3613 966 3671 art.
1028 3598 1170 3691 50,
1223 3601 1447 3694 judici
1522 3602 1928 3671 conceditur
1975 3604 2095 3695 jus
2166 3602 2245 3674 il·

207 3729 340 3799 lud
366 3782 387 3818 ‚
444 3727 655 3821 quod
727 3750 811 3796 ex
886 3750 1014 3796 suo
1089 3726 1376 3797 arbitrio
1449 3738 1848 3815 excerceatt,
1938 3728 2242 3799 tribunal

204 3864 444 3947 potest
523 3850 764 3920 audito
843 3852 991 3944 ipso
1074 3850 1473 3920 Tabellione
1498 3904 1519 3939 ,
1613 3850 1829 3922 hune·
1874 3852 2244 3923 admonere

206 3989 336 4049 aut
408 3974 932 4069 reprehendere.
1032 3975 1224 4046 Haec
1294 3998 1519 4068 poena
1594 3975 1811 4046 levior
1880 3978 2243 4070 irroganda

205 4116 316 4175 est
403 4101 784 4172 Tabellioni
869 4102 991 4195 qui
1075 4126 1138 4171 v.
1227 4126 1288 4170 c.
1369 4112 1523 4170 aeta
1621 4112 1691 4171 et
1788 4102 2243 4173 instrumenta
