2934 5102
1650 586 1746 658 16

687 823 901 870 manu
970 801 1313 871 testatoris
1378 811 1729 888 versatur,
1802 809 1989 890 certe
2060 822 2201 870 non
2270 812 2373 870 est
2447 798 2722 870 minuat

687 925 810 996 sed
865 927 963 996 sic
1017 925 1517 996 nominandum
1574 937 1722 1014 est,
1793 936 2165 1018 postquam
2220 923 2531 995 Tabellio
2582 937 2717 994 tes-

693 1062 996 1122 tamento
1066 1050 1499 1144 holographo
1569 1062 1639 1119 et
1710 1051 2003 1144 mystico
2073 1050 2389 1144 adjunxit
2454 1052 2721 1120 instru-

688 1187 1047 1264 mentum,
1125 1177 1222 1245 ita
1305 1186 1385 1244 ut
1454 1173 1589 1245 hoc
1654 1174 1759 1244 illi
1804 1178 2154 1268 junctum
2224 1199 2439 1245 unum
2516 1177 2719 1269 quasi

689 1321 942 1394 corpus
995 1301 1268 1370 efficiat.

837 1425 906 1494 Si
990 1423 1298 1494 Tabellio
1373 1435 1869 1494 testamentum
1936 1423 2448 1517 holographum
2518 1447 2719 1518 aper-

690 1560 843 1619 tum
913 1550 1202 1642 accipit,
1273 1546 1510 1618 subdit
1536 1600 1555 1637 ,
1626 1549 1682 1618 si
1750 1540 2067 1630 clausum
2113 1549 2223 1619 vel
2272 1548 2715 1642 obsignatum

687 1674 989 1768 accipit,
1061 1673 1381 1766 adjungit
1451 1675 1733 1768 insuper
1801 1675 2338 1744 instrumentum
2388 1674 2503 1744 eff.
2550 1686 2717 1744 artt.

691 1796 837 1868 979
905 1811 976 1870 et
1035 1796 1179 1870 987
1229 1798 1305 1870 C.
1376 1800 1452 1869 C.
1553 1797 1885 1869 Eamdem
1937 1823 2175 1869 curam
2218 1799 2550 1886 adhibere
2602 1799 2719 1869 dc-

689 1925 816 1997 bet
871 1924 1180 1996 Tabellio
1247 1924 1319 1994 in
1388 1922 1853 1995 custodiendis
1900 1925 2327 1994 testamentis
2373 1948 2589 2019 quam
2648 1926 2721 1994 in

691 2053 938 2122 ceteris
961 2051 1465 2137 instrumentis3
1514 2050 1741 2144 qualis
1790 2073 1959 2119 cura
2006 2051 2322 2143 exigatur
2346 2104 2366 2141 ‚
2416 2063 2545 2120 art.
2598 2046 2717 2120 61.

694 2176 865 2268 legis
911 2175 1044 2257 *de
1112 2175 1304 2244 Mun.
1378 2174 1547 2244 Tab.
1628 2173 1879 2260 docet3
1963 2173 2317 2244 videamus
2410 2177 2718 2269 primum

693 2293 868 2389 quid
935 2294 1146 2364 verba
1220 2295 1350 2363 «in
1401 2316 1571 2363 eene
1626 2292 2071 2386 regelmatige
2117 2293 2285 2366 orde
2330 2293 2660 2366 bewaren
2684 2321 2714 2363 »

695 2418 1085 2512 significent
1109 2416 1149 2488 ’.Ρ

842 2543 1126 2616 Certum
1214 2556 1316 2615 est
1341 2597 1363 2634 ‚
1453 2544 1661 2615 etiam
1722 2543 2070 2615 -Francica
2160 2544 2315 2639 lege
2398 2545 2675 2639 vigente
2698 2597 2718 2634 ‚

695 2694 1117 2766 quamquam
1208 2694 1349 2741 non
1436 2669 1705 2740 disertis
1781 2670 2009 2741 verbis
2070 2693 2502 2764 expressum,
2584 2671 2719 2741 hoc

694 2784 1170 2890 praeceptum·
1235 2794 1533 2865 valuisse
1555 2847 1578 2884 ‚
1674 2806 1861 2865 certe
1955 2793 2163 2865 fuisse
2250 2795 2716 2867 observatum.

693 2922 849 2991 Hoc
921 2923 1074 3013 jam
1143 2920 1599 3013 suspicionem
1682 2921 1899 2989 movit
1970 2919 2175 2989 aliam
2247 2922 2453 2991 etiam
2526 2946 2719 2993 caus-

695 3069 841 3116 sam
901 3068 1048 3118 csse
1073 3097 1093 3134 ‚
1157 3068 1241 3115 ex
1298 3067 1440 3137 qua
1498 3044 1847 3136 obligatus
1895 3055 1999 3115 est
2046 3042 2356 3115 Tabellio
2377 3100 2398 3136 ‚
2445 3059 2719 3140 praeter

693 3172 970 3265 legemr,
1033 3169 1206 3241 haec
1278 3192 1519 3239 caussa
1590 3180 1693 3239 est
1764 3167 1939 3239 fides
1964 3221 1985 3258 ,
2056 3194 2237 3263 quae
2283 3172 2344 3240 ei
2395 3170 2715 3242 habetur.

690 3298 766 3367 si
843 3295 1227 3391 praeceptis
1307 3292 1597 3387 obsequi
1667 3293 1823 3363 vult
1887 3293 2247 3384 Tabellio5
2327 3318 2511 3389 quae
2574 3300 2719 3389 jus·

685 3419 1072 3517 jurandum
1143 3419 1453 3489 continet
1479 3471 1500 3508 ,
1569 3441 1696 3487 sua
1752 3429 2001 3511 sponte
2052 3420 2127 3489 in
2185 3431 2377 3492 certo
2423 3431 2719 3515 tutoque

693 3548 854 3619 loco
911 3548 1370 3616 instrumenta
1423 3554 1497 3612 et
1555 3554 1709 3615 acta
1756 3556 2088 3638 seponet3
2154 3568 2297 3615 non
2342 3545 2577 3615 solum
2629 3546 2719 3615 lo-

694 3696 861 3744 cum
931 3668 1327 3741 observabit
1395 3680 1568 3738 tunc
1590 3720 1611 3758 ,
1682 3666 1807 3738 sed
1876 3679 1948 3738 et
2018 3682 2391 3763 praecepto
2437 3668 2524 3741 de
2572 3693 2720 3742 cus·

698 3795 1024 3869 todiendo
1088 3796 1160 3864 in
1227 3804 1419 3864 recto
1488 3771 1728 3864 ordine
1776 3818 2007 3864 carere
2055 3769 2257 3865 facile
2304 3797 2562 3888 poterit
2604 3797 2721 3865 Ta-

696 3920 914 3994 bellio
937 3972 958 4009 ‚
1031 3918 1195 4012 quia
1257 3915 1715 4011 jurejurando
1776 3920 2088 4011 promisit
2113 3972 2133 4009 ‚
2206 3944 2281 3989 se
2323 3944 2583 3991 munus
2630 3920 2721 3989 di·

697 4047 994 4141 ligenter
1051 4053 1122 4125 et
1179 4053 1506 4134 accurate
1567 4053 1925 4136 gesturum
1982 4066 2150 4115 esse.
2252 4043 2323 4113 Si
2382 4046 2537 4139 quis
2588 4068 2720 4115 non
