2934 5102
1644 595 1745 670 44

835 807 1212 902 Praecipua
1281 808 1593 901 quaestio
1666 806 1839 877 haec
1908 818 2012 877 est
2036 859 2057 896 ‚
2117 829 2498 900 quamnam
2572 805 2719 878 cul—

686 956 850 1027 pam
920 945 1224 1028 praestet
1292 929 1744 1025 Graphiarius
1770 928 1809 998 ’ἶ
1908 929 2223 1000 Duarum
2294 932 2669 1025 culparum
2694 985 2713 1021 ‚

688 1080 940 1150 nempe
1021 1056 1188 1126 levis
1259 1067 1382 1124 aut
1454 1055 1635 1147 latae
1705 1055 2237 1148 praestationem
2309 1068 2583 1126 veteres
2647 1057 2713 1124 in

691 1204 938 1273 genere
1010 1178 1460 1273 postulabant
1533 1177 1624 1247 ab
1694 1180 1773 1247 iis
1842 1180 1965 1272 qui
2042 1203 2117 1249 se
2189 1179 2713 1272 obligaverant3

691 1302 881 1397 apud
952 1326 1076 1372 nos
1145 1304 1548 1396 praesertim
1618 1302 1708 1371 de
1778 1302 2054 1372 duobus
2110 1303 2337 1374 modis
2406 1304 2713 1398 deposita

691 1425 1053 1515 servandi,
1125 1428 1246 1520 qui
1316 1449 1400 1495 ex
1471 1429 1931 1520 praestatione
1985 1427 2239 1521 culpae
2306 1427 2713 1522 profluunt,

693 1573 918 1622 sermo
986 1562 1112 1620 est.
1232 1551 1323 1620 Hi
1394 1550 1580 1620 modi
1650 1562 1815 1620 sunt
1887 1553 1991 1620 uti
2065 1551 2291 1622 bonus
2356 1564 2561 1644 pater
2628 1552 2715 1620 fa-

693 1674 960 1763 miliaS,
1031 1687 1103 1744 et
1171 1677 1274 1744 uti
1344 1676 1501 1769 quis
1570 1676 1639 1744 in
1713 1675 1899 1764 suiS,
1972 1699 2210 1746 curam
2286 1675 2551 1745 habere
2621 1697 2711 1745 so·

695 1800 836 1885 lett,
910 1822 1026 1868 eos
1094 1811 1327 1868 autem
1403 1823 1441 1867 a
1508 1822 1582 1868 se
1648 1800 1938 1868 invicem
2017 1799 2545 1892 distinguendos
2625 1823 2717 1868 es·

695 1946 816 2008 se,
909 1934 1194 2016 apparet
1291 1945 1376 1992 ex
1470 1919 1607 1990 art⁰
1701 1918 1895 1991 1745
1992 1922 2251 1992 collato
2334 1947 2502 1992 cum
2590 1920 2713 1992 art⁰

697 2043 892 2115 1776
958 2045 1034 2115 C.
1096 2045 1172 2114 C.
1243 2043 1380 2143 (1).
1508 2045 1667 2139 Sine
1734 2044 1953 2114 dubio
2026 2045 2485 2138 obligationes
2555 2043 2716 2116 Gra·

696 2168 944 2265 phiarii
1016 2167 1471 2238 conferendae
1542 2180 1708 2239 sunt
1775 2170 1855 2238 iis
1925 2169 2185 2262 quibus
2264 2170 2713 2265 depositarius

697 2294 770 2362 in
861 2314 1109 2383 genere
1205 2304 1528 2379 tenetur,
1622 2304 1695 2361 et
1779 2292 1991 2385 hujus
2086 2303 2191 2363 est
2268 2306 2393 2363 aut
2483 2316 2713 2364 euram

700 2415 1030 2485 adhibere
1103 2427 1183 2484 ut
1225 2417 1321 2484 -in
1393 2417 1531 2485 suis
1604 2427 1673 2486 et
1730 2428 2085 2510 praestare
2134 2416 2420 2510 culpam
2470 2417 2711 2504 latam,

699 2551 823 2612 aut
908 2564 1146 2610 curam
1226 2539 1390 2611 boni
1470 2542 1685 2636 patris
1782 2539 2073 2611 familias
2097 2596 2117 2631 ,
2216 2555 2286 2611 et
2373 2554 2712 2637 praestare

701 2665 982 2760 culpam
1063 2665 1332 2751 levem3
1412 2662 1802 2759 Graphiarii
1886 2677 1989 2735 est
2070 2664 2404 2735 adhibere
2488 2660 2712 2736 euram

699 2791 772 2859 in
829 2789 1038 2859 rebus
1097 2813 1134 2857 a
1191 2812 1266 2858 se
1323 2788 1681 2859 custoditis
1706 2842 1725 2878 ‚
1787 2791 2118 2880 maJorem
2176 2813 2395 2882 quam
2453 2790 2528 2859 in
2588 2787 2713 2859 suis

702 2911 1034 2997 adhibett,
1112 2935 1352 2982 caussa
1432 2924 1537 2981 est
1620 2910 1812 3006 quod
1894 2908 2350 3007 Graphiarius
2438 2914 2712 2984 honora·

701 3036 884 3105 rium
977 3036 1270 3129 accipit,
1364 3046 1446 3104 ut
1541 3034 1718 3105 bene
1784 3036 2042 3105 civitati
2105 3030 2405 3126 serviat,
2492 3048 2565 3106 et
2632 3036 2714 3103 ita

703 3182 995 3230 munere
1064 3157 1356 3251 fungens
1427 3157 1652 3228 officia
1726 3159 1951 3229 omnia
2024 3182 2109 3227 ex
2180 3183 2474 3230 munere
2548 3170 2713 3242 orta,

706 3284 885 3356 bene
933 3294 1396 3376 exsequatun,
1453 3284 1634 3353 inter
1689 3281 1914 3354 officia
1958 3282 2129 3352 haec
2155 3333 2175 3371 ,
2244 3283 2561 3354 officium
2618 3280 2714 3349 de-

707 3420 926 3503 posita
1021 3405 1393 3500 recipiendi
1485 3417 1556 3475 et
1636 3404 2069 3477 custodiendi
2164 3404 2270 3475 illi
2364 3405 2713 3478 incumbit.

707 3534 986 3603 Praeter
1089 3531 1531 3601 honorarium
1639 3528 2055 3598 ordinarium
2083 3580 2104 3617 ,
2200 3550 2716 3625 nonnumquam

831 3852 923 3929 (1)
976 3851 1063 3909 cf.
1119 3851 1287 3929 Disp.
1336 3851 1462 3910 Jur.
1514 3870 1576 3908 n.
1606 3862 1683 3908 ἰ.
1735 3870 1789 3907 v·
1839 3851 1895 3908 d.
1944 3812 2143 3920 Pom„
2202 3850 2279 3908 de
2340 3854 2554 3932 culpa,
2602 3850 2718 3931 dolo

711 3956 772 4007 et
819 3964 958 4005 casu
1007 3944 1354 4021 praestando
1375 3988 1393 4015 ,
1449 3942 1595 4036 Cap.
1646 3942 1715 4001 V.
1764 3944 1794 4015 §
1844 3946 1881 4000 3
1935 3951 1995 4001 et
2042 3942 2111 4000 L.
2169 3946 2191 3999 1
2251 3946 2283 4016 §
2335 3945 2477 4017 ult.‚
2545 3946 2611 4004 L.
2657 3943 2719 4000 20

711 4050 772 4100 et
819 4040 872 4098 L
923 4038 1001 4094 32
1052 4036 1164 4095 FF.
1215 4036 1491 4113 depositi.
