2934 5102
1239 575 1336 648 45

263 809 396 882 pro
472 787 618 880 ipsa
687 783 1000 856 custodia
1069 783 1514 857 honorarium
1584 788 1856 880 accipit.
1981 787 2087 858 Cf.
2164 799 2295 857 art.

263 908 370 980 25
441 910 578 980 sub
649 907 724 978 5⁰
797 908 868 978 k.
992 908 1236 1002 Legis,
1317 909 1406 979 de
1483 909 1861 981 honorariis
1940 912 2012 980 in
2094 911 2297 982 CauS.

267 1034 470 1104 Civil.
529 1030 626 1103 28
686 1057 780 1102 m.
838 1032 1024 1125 Aug.
1083 1030 1322 1124 1845,
1393 1035 1521 1130 qui
1560 1036 1689 1140 ⁸sic
1758 1034 1953 1107 audit
1978 1063 2013 1136 ².
2078 1039 2297 1104 «Aan

273 1157 430 1228 «de
493 1154 806 1226 Griffiers
874 1156 930 1226 is
1001 1157 1524 1250 verschuldigd:
1596 1181 1767 1228 voor
1829 1158 1951 1228 het
2018 1159 2091 1227 in
2152 1169 2303 1227 ont·

277 1306 312 1350 «
339 1304 520 1371 vang
585 1303 838 1348 nemen
862 1331 885 1369 ‚
959 1279 1281 1350 hewaren
1353 1304 1440 1350 en
1506 1281 1739 1354 weder
1810 1281 2097 1376 afgeven
2167 1304 2303 1351 van

279 1417 453 1474 «ter
521 1403 741 1496 griffie
809 1403 1139 1496 gebragte
1211 1404 1460 1497 gelden
1487 1458 1508 1494 ,
1582 1416 1717 1476 etc.
1792 1417 1965 1476 etc.»
2026 1381 2037 1390 ⁰

427 1529 497 1599 Si
565 1529 776 1620 igitur
835 1528 1176 1620 probatur
1233 1525 1729 1621 Graphiarium
1790 1532 2123 1621 maj0rem
2186 1553 2305 1600 cu·
2360 1597 2363 1600 ,

276 1677 432 1725 ram
505 1651 902 1723 adhibuisse
973 1654 1046 1721 in
1127 1652 1607 1723 conservandis
1679 1655 1819 1722 suis
1845 1704 1865 1741 ,
1952 1677 2165 1746 quam
2234 1654 2307 1724 in

277 1777 608 1872 depositis
627 1827 650 1865 ‚
709 1779 858 1868 jam
932 1787 1221 1869 propter
1284 1775 1775 1868 negligentiam
1847 1774 2307 1846 condemnan-

277 1902 420 1972 dus
485 1913 638 1993 est5
709 1923 956 1974 casum
1004 1896 1458 1993 Graphiarius
1518 1902 1831 1970 universe
1888 1921 2027 1968 non
2083 1922 2309 1992 praes-

283 2037 393 2094 tat
414 2077 435 2113 ‚
529 2026 585 2094 si
670 2037 900 2093 tamen
984 2023 1400 2116 negligentia
1480 2048 1679 2094 casus
1748 2023 2049 2094 debetur
2073 2076 2095 2113 ,
2169 2047 2311 2094 om·

281 2151 452 2218 nino
545 2160 843 2218 tenetur.
964 2148 1168 2218 Hanc
1263 2147 1355 2217 ob
1450 2147 1769 2218 ‘caussam
1850 2149 2311 2220 necessarium

285 2285 399 2344 est
422 2325 443 2362 ‚
513 2274 685 2342 scire
708 2323 728 2360 ,
797 2271 1078 2366 quando
1133 2268 1603 2365 -Graphiarius
1669 2271 2023 2364 negligens
2082 2273 2313 2342 dicen-

287 2395 432 2464 dus
497 2397 603 2466 sit.-
724 2393 1100 2488 Quaeritur
1179 2419 1351 2466 num
1434 2391 1887 2490 Graphiarius
1958 2398 2030 2466 in
2099 2397 2311 2466 omni·

289 2520 430 2591 bus
497 2519 809 2591 eamdem
861 2543 1123 2591 curam
1197 2518 1528 2589 adhibere
1598 2516 1913 2589 debeat?
2035 2519 2153 2590 Uti
2221 2520 2315 2588 vi-

283 2644 522 2715 dimus
589 2646 845 2737 speciei
913 2643 1198 2715 bifariae
1267 2666 1376 2713 res
1443 2642 1793 2731 custodit,
1878 2664 2128 2735 nempe
2206 2666 2317 2712 res

281 2792 475 2862 quae
543 2770 891 2861 pertinent
959 2780 1032 2837 et
1099 2789 1281 2863 quae
1345 2789 1504 2835 non
1580 2766 1930 2859 pertinent
2009 2764 2098 2834 ad
2180 2765 2319 2835 Tri-

285 2891 542 2963 bunal.
666 2889 844 2984 Quia
917 2914 1264 2984 nusquam
1341 2888 1431 2959 de
1512 2891 1776 2982 majore
1848 2900 1972 2959 aut
2054 2891 2321 2960 minore

289 3039 470 3087 cura
513 3017 587 3085 in
633 3014 964 3085 alterutra
1035 3015 1262 3108 specie
1329 3037 1569 3084 rerum
1628 3012 2077 3083 custodienda
2107 3066 2129 3103 ‚
2185 3036 2323 3083 ser-

287 3163 418 3210 mo
507 3138 594 3208 fit
617 3192 640 3227 ,
733 3140 806 3207 in
901 3150 1199 3233 utraque
1281 3136 1523 3208 eadem
1602 3136 1941 3230 postulari
2023 3136 2319 3206 videtur.

295 3263 454 3334 Hoc
545 3261 726 3332 forte
810 3263 1064 3331 mirum
1145 3260 1465 3331 videatur
1543 3261 1705 3354 quia
1780 3270 1966 3328 certe
2030 3238 2323 3350 'majoris

281 3398 410 3457 est
488 3386 820 3457 momenti
905 3384 1398 3455 detrimentum
1492 3394 1809 3453 exortum
1900 3405 1985 3451 ex
2074 3382 2323 3451 amisso

295 3522 430 3581 aut
499 3520 830 3601 corrupto
901 3501 1361 3577 instrumento
1433 3506 1523 3575 ad
1595 3505 1909 3587 archium
1968 3503 2273 3575 deducto
2302 3558 2323 3594 ,

285 3656 391 3703 ex
462 3631 910 3725 originalibus
977 3630 1272 3703 minuten
1339 3629 1542 3699 dictis
1566 3681 1587 3718 ‚
1656 3629 2127 3697 instrumentis
2151 3681 2173 3718 ,
2245 3640 2326 3697 ut

285 3782 368 3829 e.
451 3778 526 3849 g.·
603 3755 1038 3827 adulteratus
1117 3766 1314 3825 actus
1393 3753 1559 3823 huic
1640 3763 2083 3845 comparetur
2166 3749 2326 3847 (1),

435 4015 524 4093 (l)
584 4014 671 4073 Cf.
720 4022 826 4071 art.
883 4013 992 4070 185
1046 4018 1107 4070 et
1163 4012 1293 4072 187.
1343 4009 1407 4068 C.
1457 4009 1533 4069 de
1584 4008 1776 4069 Meth.
1826 4007 1989 4067 Proc.
2038 4008 2102 4067 in
2151 4008 2215 4067 C.
2264 4008 2331 4069 C.
