2934 5102
728 1524 1813 1610 PRAEFATM).

1032 1770 1509 1822 —WQW

411 1963 670 2035 Studiis
722 1962 1124 2034 Academicis
1172 1963 1369 2055 finem
1415 1962 1650 2058 imposi
1653 1972 1801 2035 turo
1846 1974 2074 2037 auctor
2120 1969 2286 2040 milti

247 2090 393 2182 suit
460 2089 581 2160 Vir
641 2087 1074 2158 Clarissimus
1121 2111 1246 2157 vm
1306 2111 1495 2156 Assnn
1518 2140 1539 2178 ,
1590 2087 1941 2160 Promotor
1984 2093 2283 2164 aestima-

251 2213 551 2284 tissimus
574 2267 594 2304 ,
666 2222 743 2283 ut
810 2211 1330 2282 dissertationem
1385 2213 1849 2285 conscriberem
1901 2215 1981 2286 de
2038 2242 2111 2288 eo
2176 2243 2282 2289 ar·

245 2347 553 2432 yumento
600 2337 772 2433 quod
823 2337 1014 2407 titulo
1063 2335 1263 2429 hujus
1311 2337 1609 2432 opusculi
1652 2337 2003 2410 indica-tur.
2095 2341 2284 2425 Quod

246 2471 471 2534 autem
507 2462 788 2559 plurimi
833 2461 904 2531 in
953 2486 1026 2532 re
1073 2461 1278 2532 simili
1325 2462 1579 2558 experti
1636 2472 1836 2555 sunt,
1898 2464 2071 2535 illud
2116 2466 2282 2537 mihi

246 2614 508 2685 quoque
555 2588 842 2659 accidit:
903 2612 1031 2683 quo
1078 2586 1331 2657 diutius
1367 2587 1447 2670 ,in
1496 2612 1819 2683 requam
1868 2614 2282 2685 susceperam

237 2713 714 2810 pertractanda
769 2712 1077 2783 versabar
1100 2764 1120 2800 ,
1181 2736 1252 2781 eo
1310 2712 1521 2805 mayis
1578 2712 1743 2783 mihi
1785 2715 2099 2808 apparuit
2144 2740 2279 2787 ma·

226 2842 422 2935 jores
485 2839 572 2910 ad
630 2862 775 2908 eam
831 2837 1086 2933 requiri
1142 2836 1392 2930 inqenii
1437 2836 1617 2908 dotes
1642 2891 1661 2927 ‚
1722 2839 2035 2933 majorem
2082 2841 2279 2913 etiam

216 2963 584 3035 doctrinae
653 2961 904 3056 copiam
928 3014 948 3051 ,
1021 2984 1219 3055 quam
1289 2968 1366 3031 ut
1423 2961 1725 3057 equidem
1794 2964 2053 3035 omnino
2109 2976 2279 3038 recte

247 3112 390 3159 rem
473 3087 668 3157 semel
745 3085 1069 3180 inceptam
1147 3084 1235 3155 ad
1317 3085 1515 3177 finem
1596 3086 1910 3158 deducere
1991 3114 2272 3185 possem.

256 3214 672 3309 Quapropter
757 3211 1067 3283 lectorum
1092 3262 1112 3299 ‚
1196 3210 1257 3279 si
1338 3209 1455 3305 qui
1526 3210 1702 3300 sint,
1778 3212 2277 3285 benevolentiam

245 3350 312 3409 et
379 3336 853 3436 indulyentiam
877 3388 897 3425 ‚
976 3334 1314 3405 tenuitatis
1381 3358 1561 3406 meae
1620 3336 1825 3430 probe
1894 3337 2060 3407 mihi
2130 3363 2275 3409 con-

243 3462 422 3533 scius
445 3516 464 3552 ,
541 3461 738 3532 etiam
811 3468 1010 3555 atque
1077 3458 1274 3530 etiam
1341 3459 1638 3554 imploro.

399 3585 783 3657 Academiae
841 3584 1238 3656 valedicturo
1293 3594 1559 3679 qratum
1616 3594 1711 3655 est
1757 3586 2051 3679 officium
2076 3642 2095 3679 ‚
2148 3614 2275 3686 quo

247 3712 474 3783 lubens
545 3710 668 3783 hac
734 3710 890 3781 data
965 3710 1450 3805 opportunitate
1521 3734 1635 3803 eqo
1696 3734 1950 3807 quoque
1994 3714 2271 3808 s'un90r‚

242 3846 320 3908 ut
391 3837 634 3907 scilicet
702 3836 790 3906 iis
866 3835 984 3931 qui
1055 3834 1278 3905 studia
1323 3826 1491 3905 'mea
1556 3834 1948 3928 adjuverunt
2009 3849 2275 3932 yratum

241 3962 536 4032 animum
575 3960 916 4056 profitear.
1030 3960 1176 4030 Tibi
1217 3960 1613 4055 praesertim
1636 4014 1656 4051 ,
1715 3961 2099 4035 Clarissimo
2150 3992 2273 4036 vm

243 4112 433 4157 Assmv
459 4140 478 4177 ‚
551 4086 805 4180 qratias
876 4109 996 4178 ayo
1047 4084 1332 4156 sinceras
1365 4112 1386 4155 .·
1469 4086 1569 4157 Tu
1627 4086 1798 4159 enim
1841 4114 1971 4160 non
2019 4100 2272 4161 tantum
