2934 5102
1722 640 1819 714 56

1699 879 1736 976 §
1788 877 1857 949 5.

775 1164 782 1168 .
909 1091 1050 1168 Res
1107 1121 1288 1192 quae
1342 1112 1508 1169 sunt
1566 1100 1863 1170 aliorum
1922 1100 2186 1170 multae
2231 1113 2399 1170 sunt
2443 1123 2768 1185 numeru,

766 1234 838 1293 et
911 1222 1104 1315 quod
1161 1222 1252 1291 ad
1313 1247 1553 1292 earum
1608 1223 1987 1294 dominium
2046 1223 2457 1295 dividendae
2504 1236 2669 1294 sunt
2711 1225 2770 1292 in

767 1370 882 1416 eas
959 1370 1143 1440 quae
1221 1359 1389 1417 sunt
1467 1349 1760 1418 civitatis
1842 1359 1914 1418 et
1992 1372 2134 1419 non
2202 1373 2370 1420 vero
2436 1351 2771 1443 pertinent

769 1469 859 1539 ad
931 1469 1286 1559 tribunal,
1363 1483 1433 1540 et
1504 1475 1577 1542 in
1648 1496 1761 1542 eas
1832 1496 2015 1566 quae
2086 1476 2365 1544 omnino
2427 1481 2771 1543 remanent

767 1597 840 1664 in
911 1595 1217 1666 dominio
1287 1596 1603 1666 aliorum.
1728 1596 2106 1667 Videamus
2173 1597 2265 1667 de
2332 1598 2703 1691 prioribus.

922 1720 1158 1813 Hujus
1277 1723 1529 1814 speciei
1644 1723 2101 1791 instrumenta
2218 1745 2261 1790 a
2378 1718 2772 1816 Graphiario

771 1843 1218 1914 custodienda
1322 1856 1798 1914 memorantur
1897 1845 1970 1913 in
2076 1857 2204 1914 art.
2296 1842 2396 1914 22
2494 1845 2580 1916 C.
2668 1845 2773 1929 C.3

771 1981 937 2038 sunt
1030 1969 1313 2061 registra
1412 1967 1669 2062 quibus
1766 1967 2240 2038 inscribuntur
2336 1981 2492 2038 acta
2578 1981 2774 2040 status

771 2094 988 2162 civilis
1014 2146 1035 2181 ,
1109 2093 1296 2186 quod
1371 2094 1619 2161 attinet
1694 2091 1781 2160 ad
1846 2093 2273 2162 nativitatem
2300 2147 2321 2182 ‚
2395 2095 2677 2188 nuptias
2718 2103 2772 2160 et

773 2216 1146 2286 divortium
1170 2269 1192 2305 ,
1265 2228 1336 2284 et
1409 2227 1703 2285 mortem
1730 2269 1752 2304 ,
1826 2239 1957 2286 nec
2027 2240 2167 2286 non
2207 2241 2317 2286 ·ea
2391 2218 2467 2286 in
2542 2217 2773 2312 quibus

773 2339 1270 2409 declarationes
1367 2351 1439 2408 et
1534 2339 2041 2434 publicationes
2135 2342 2549 2434 nuptiarum
2620 2342 2773 2409 inve·

773 2466 1112 2550 niunturt,
1143 2507 1158 2514 -
1211 2465 1513 2557 exeeptis
1604 2463 1791 2534 hisce
1816 2517 1837 2553 ‚
1936 2464 2371 2558 singulorum
2442 2464 2773 2560 exemplar

699 2624 704 2635 ·
771 2592 848 2660 in
920 2589 1152 2659 archio
1223 2589 1580 2681 municipii
1650 2600 2056 2658 asservatur.
2180 2588 2490 2659 Tabulae
2516 2643 2541 2679 ‚
2622 2610 2775 2684 quae

770 2714 1107 2783 dicuntur
1177 2738 1210 2781 «
1235 2711 1886 2803 een-en-lienjariye
1954 2696 2152 2803 &asela
2218 2712 2337 2783 der·
2403 2714 2711 2807 reyisters
2728 2738 2775 2800 ,»

778 2839 987 2907 etiam
1060 2835 1149 2905 ad
1221 2836 1533 2904 archium
1626 2835 1993 2904 tribunalis
2072 2836 2597 2907 transferuntur
2664 2834 2778 2931 (1).

823 3018 832 3026 .
921 2960 996 3029 A
1063 2957 1460 3029 Tabellione
1554 2959 1909 3052 exemplar
2000 2962 2359 3053 repertorii
2385 3013 2406 3051 ,
2502 2986 2593 3033 ex
2662 2982 2779 3055 quo

777 3094 975 3179 patet
1041 3106 1381 3176 quaenam
1455 3095 1610 3153 acta
1681 3107 1807 3177 per
1874 3106 2133 3153 annum
2206 3086 2329 3177 qui
2360 3091 2369 3109 “
2397 3086 2780 3179 praeteriit,

778 3206 1183 3303 perfecerit,
1232 3206 1321 3276 ad
1371 3206 1685 3277 archium
1721 3206 2086 3276 tribunalis
2132 3206 2544 3281 Dioeceseos
2594 3224 2797 3310 transj

781 3331 1147 3403 ferendum
1219 3342 1322 3400 est
1350 3382 1369 3419 ,
1443 3330 1536 3400 cf.
1609 3342 1738 3399 art.
1812 3326 1932 3399 48.
1994 3330 2158 3423 Leg.
2208 3328 2427 3402 1842.
2474 3334 2573 3405 de
2614 3355 2782 3403 mun.

780 3457 998 3544 Tab.3
1070 3466 1346 3549 praeter
1417 3478 1498 3523 ea
1570 3454 1664 3523 ab
1738 3454 1981 3525 eodem
2005 3508 2029 3545 ,
2128 3455 2320 3525 aliud
2388 3459 2784 3531 instrumen-

781 3595 938 3651 tum
963 3633 984 3670 ‚
1077 3601 1328 3672 nempe
1423 3577 1781 3671 exemplar
1870 3582 2345 3650 commentarii
2430 3581 2608 3678 (van
2675 3581 2787 3653 den

783 3704 1010 3799 Staat)
1105 3721 1316 3797 quem
1410 3700 1701 3796 perfecit
1796 3702 1886 3773 de
1965 3704 2441 3813 instrumentis
2516 3731 2701 3801 quae
2756 3727 2787 3770 a

777 3996 784 4002 ’
908 3992 998 4070 (1)
1042 3991 1152 4049 cff.
1195 4011 1365 4069 pagg.
1410 3992 1484 4049 85
1531 3998 1591 4048 et
1633 3991 1727 4051 87.
1766 3989 2010 4068 Operis:
2062 4010 2397 4049 vammum.
2452 3984 2793 4050 ‘Handboek

775 4091 928 4145 'voor
977 4085 1093 4143 den
1141 4084 1498 4141 Ambtenaar
1547 4102 1660 4141 van
1708 4082 1824 4141 den
1872 4084 2047 4160 Burg.
2097 4084 2297 4141 Stand.
