2934 5102
1742 601 1837 674 56

787 825 1036 882 cusent
1059 807 1100 903 ,’
1161 811 1521 883 coercendi
1596 812 1733 880 sint
1802 834 2049 880 manus
2120 812 2491 902 injectione
2570 808 2799 909 (Lq'jfs-

791 935 1051 1032 dwauq)
1077 939 1120 1007 ,Ρ

937 1060 1258 1130 Secunda
1331 1072 1481 1130 est:
1538 1083 1625 1128 an
1700 1061 1770 1130 εἰ
1841 1070 2183 1152 quatenus
2260 1059 2647 1152 obsignatio
2718 1083 2795 1127 re-

790 1209 950 1254 rum
1025 1209 1062 1252 a
1137 1181 1551 1277 Graphiario
1621 1183 2123 1253 custoditurum
2192 1182 2343 1253 fieri
2400 1183 2699 1271 debeat,
2750 1184 2793 1250 si

791 1305 1246 1401 Graphiarius
1302 1306 1487 1376 diem
1544 1308 1716 1376 obiit
1741 1304 1780 1374 'l
1840 1306 2061 1376 Tertia
2110 1330 2283 1376 num
2334 1306 2646 1376 officialis
2690 1329 2790 1398 pu-

794 1433 1021 1502 blicus
1095 1455 1225 1501 suo
1289 1434 1451 1524 jure
1511 1432 1831 1524 persequi
1900 1431 2117 1524 possit
2144 1483 2164 1519 ‚
2238 1431 2295 1499 si
2344 1430 2680 1500 violatum
2720 1429 2787 1497 sit

789 1555 1182 1649 depositum
1231 1579 1293 1624 a
1368 1551 1781 1648 Graphiario
1806 1552 1845 1622 'l

938 1679 1314 1750 Videamus
1394 1678 1484 1748 de
1554 1680 1715 1770 jure
1792 1676 2150 1747 coercendi
2230 1675 2625 1770 Graphiarii
2688 1699 2785 1768 per

789 1828 1035 1874 manus
1106 1804 1545 1895 injectionem
1576 1825 1613 1888 ς’
1663 1801 1942 1895 quando
2013 1802 2147 1872 hoc
2206 1804 2327 1893 jus
2384 1804 2458 1870 in
2518 1801 2780 1894 aliquem

791 1927 1146 2021 applicare
1218 1927 1471 2015 liceat,
1546 1927 1655 1995 lex
1724 1927 1796 1994 in
1870 1938 2031 1995 artt.
2114 1923 2258 1994 585
2341 1938 2413 1994 et
2472 1930 2616 1994 art0
2666 1919 2778 1991 586

789 2051 960 2121 cod.
1037 2051 1124 2120 de
1183 2051 1400 2120 meth.
1455 2073 1647 2144 proc,
1696 2052 1768 2119 in
1815 2050 1892 2119 C.
1939 2049 2063 2138 C.‚
2114 2049 2364 2135 docet3
2434 2069 2775 2142 numquam

790 2176 920 2244 nisi
989 2177 1059 2243 in
1131 2175 1236 2245 his
1307 2175 1583 2244 casibus
1632 2174 1819 2244 licet.
1945 2174 2295 2244 Aecurate
2346 2175 2563 2267 igitur
2604 2175 2775 2242 inves-

791 2303 1088 2392 tigemus
1162 2322 1332 2368 num
1405 2300 1477 2366 in
1552 2309 1711 2366 artt.
1784 2300 2151 2368 nominatis
2206 2294 2603 2391 Graphiarii
2654 2317 2771 2365 con·
2862 2347 2864 2354 .

787 2424 1162 2493 tineantur.
1237 2421 1363 2490 Ala
1424 2419 1499 2488 5⁸
1560 2421 1687 2490 arti
1732 2419 1877 2490 585
1935 2435 2203 2516 spectat
2260 2423 2651 2516 depositum
2688 2440 2770 2486 ne-

791 2547 1209 2636 cessarium,
1292 2544 1381 2616 cf.
1466 2558 1596 2615 art.
1668 2543 1884 2615 1740.
1978 2546 2054 2617 C.
2130 2547 2205 2617 C.
2280 2559 2351 2615 et
2432 2560 2564 2616 art.
2643 2537 2767 2612 551.

790 2672 866 2743 C.
961 2670 1051 2745 Μ.
1078 2725 1098 2762 ,
1194 2695 1283 2741 an
1375 2684 1607 2741 tamen
1700 2667 2191 2765 Graphiarium
2270 2684 2545 2764 spectet
2616 2666 2767 2739 dubi·
2858 2684 2860 2687 ⁴

793 2819 914 2865 um
985 2808 1110 2865 cst.
2856 2806 2858 2817 ·

939 2918 1347 3012 Depositum
1419 2920 1611 3012 apud
1667 2916 2159 3013 Graphiarium
2216 2922 2362 2989 sine
2422 2919 2636 2990 dubio
2684 2936 2766 2982 nc-

791 3043 1079 3112 cessarie
1168 3042 1297 3132 fit,
1395 3043 1518 3113 sed
1610 3042 1967 3113 vinculum
2038 3046 2216 3135 juris
2296 3068 2424 3113 nos
2508 3043 2592 3112 ad
2668 3040 2763 3108 hoc
2852 3066 2854 3071 ·

793 3156 1243 3259 constlihgit,
1315 3167 1487 3237 dum
1558 3167 1649 3235 ad
1720 3167 2111 3261 depositum
2160 3170 2615 3238 necessarium
2654 3184 2760 3254 spe·

791 3292 964 3363 ciale
988 3344 1009 3381 ,
1081 3292 1256 3360 ratio
1329 3291 1663 3360 naturalis
1744 3314 1883 3360 non
1963 3291 2201 3383 legalis
2250 3294 2622 3386 requiritur
2670 3282 2760 3379 (1)-

937 3414 1261 3485 Definitio
1361 3416 1431 3483 in
1504 3420 1643 3483 art0
1718 3414 1907 3484 laud.
1980 3415 2077 3483 al*
2146 3412 2220 3483 4⁸
2292 3418 2571 3485 omnino
2636 3408 2760 3481 Gra-

789 3541 1134 3633 phiarium
1208 3550 1499 3633 spectat.
1574 3538 1787 3609 Casus
1836 3540 2000 3607 varii
2048 3551 2348 3608 -exstant
2396 3540 2641 3634 quihus
2679 3554 2761 3625 Ρο-
2844 3598 2846 3605 .

789 3667 1036 3734 cuniae
1107 3664 1272 3733 huic
1342 3662 1655 3755 deposito
1729 3661 2105 3732 traduntur
2181 3666 2281 3733 uti
2327 3666 2401 3732 in
2452 3676 2578 3733 art.
2618 3652 2758 3740 445,
2842 3720 2844 3723 ⁴

911 3952 1000 4028 (1)
1044 3950 1132 4008 Cf.
1179 3960 1283 4009 art.
1343 3954 1511 4009 1949.
1564 3951 1627 4008 C.
1679 3951 1745 4008 C.
1792 3961 1851 4008 et
1885 3952 2113 4010 cummi.
2196 3952 2309 4010 Les
2342 3954 2455 4011 lois
2490 3952 2637 4010 dela
2664 3964 2757 4025 pro·

789 4046 998 4104 cedure
1066 4043 1270 4114 civile,
1335 4050 1390 4100 κ3
1441 4045 1619 4103 Partie
1655 4065 1784 4122 pag.
1840 4046 1929 4106 70.
1979 4046 2141 4102 Tom.
2195 4048 2248 4103 3.
