2934 5102
1615 584 1762 657 108

672 808 836 865 sunt
919 792 1052 891 (1).
1185 794 1381 888 Quae
1476 794 1566 864 de
1656 795 1844 865 hisce
1935 794 2206 867 delictis
2305 797 2394 865 ad
2483 822 2667 893 supra

670 933 1082 991 memoratos
1164 923 1607 1013 magistratus
1690 922 2019 1015 exposui,
2102 922 2309 991 etiam
2399 922 2511 993 hic
2575 946 2668 991 va-

670 1045 863 1133 lent3
966 1046 1441 1141 quaerendum
1551 1058 1782 1115 tamen
1885 1047 2062 1134 erit,
2173 1070 2347 1115 num
2458 1072 2667 1117 revera

668 1182 797 1239 art.
874 1168 1018 1239 169
1102 1170 1176 1241 C.
1261 1169 1337 1238 P.
1418 1181 1688 1262 spectet
1781 1170 2356 1263 Hypothecarum
2453 1174 2670 1243 Custo-

667 1294 827 1365 dem
855 1293 893 1361 ‘l
966 1296 1010 1363 i.
1079 1318 1139 1363 e.
1168 1346 1188 1383 ‚
1260 1317 1432 1362 num
1504 1318 1740 1363 revera
1819 1296 1876 1364 is
1967 1294 2302 1366 dicendus
2399 1300 2487 1367 sit
2571 1297 2669 1367 de·

664 1418 1034 1512 positarius
1107 1419 1558 1510 pecuniarum
1619 1430 1742 1487 aut
1815 1418 2438 1492 instrumentorum
2509 1446 2670 1517 quae

664 1544 744 1613 iis
816 1541 1323 1636 aequiparanda
1382 1539 1598 1611 sunt?
1699 1542 2018 1613 Vidimus
2090 1545 2374 1637 quando
2446 1572 2522 1617 ea
2585 1549 2670 1617 in-

664 1679 1048 1738 strumenta
1122 1669 1182 1737 ei
1252 1666 1675 1755 afferantur,
1747 1666 1858 1736 cff.
1931 1680 2093 1737 artt.
2167 1667 2306 1740 591
2393 1683 2464 1741 et
2543 1669 2666 1740 506

664 1794 740 1863 C.
838 1793 963 1879 (λς
1045 1791 1343 1861 dubium
1442 1803 1676 1861 tamen
1773 1794 1992 1863 oritur
2087 1818 2175 1863 an
2269 1820 2350 1865 ea
2442 1797 2666 1867 instru-

664 1931 895 1987 menta
955 1917 1303 1988 custodiat
1369 1929 1716 2008 quatenus
1789 1916 2367 2011 Hypothecarum
2440 1923 2664 1992 Custos

664 2054 811 2131 est,
882 2066 968 2111 an
1036 2053 1379 2135 quatenus
1450 2041 1760 2111 officium
1843 2041 2214 2136 publicum
2241 2097 2261 2134 ,
2355 2046 2447 2115 ab
2538 2045 2664 2116 offi-

663 2169 769 2237 cio
870 2168 1243 2260 praecipuo
1327 2164 1776 2260 Hypothccas
1859 2168 2292 2239 custodiendi
2391 2173 2666 2241 maxime

661 2293 1009 2381 alienum,
1117 2293 1175 2360 ei
1280 2292 1682 2384 impositum
1775 2290 1926 2362 sit?
2024 2293 2411 2365 absurdum
2498 2297 2666 2365 enim

661 2418 946 2506 fuisset,
1033 2416 1090 2483 si
1182 2413 1274 2483 ob
1363 2413 1499 2483 hoc
1569 2414 1876 2485 offic-ium
1961 2430 2313 2487 crearetur
2384 2433 2670 2490 extraor-

659 2544 962 2613 dinarius
1032 2551 1101 2611 et
1171 2564 1390 2611 novus
1461 2542 1952 2633 magistratusz,
2024 2567 2216 2614 nunc
2291 2544 2468 2617 sorte
2523 2545 2672 2640 quis

659 2669 843 2739 dicat
928 2667 1070 2737 duo
1152 2689 1437 2735 munera
1517 2668 1588 2735 in
1673 2691 1754 2737 eo
1824 2670 2232 2761 magistratu
2309 2674 2670 2764 conjuncta

658 2818 850 2880 esse3
929 2792 1097 2861 mihi
1178 2814 1339 2860 vero
1421 2791 1996 2886 Hypothecarum
2074 2794 2321 2865 Custos
2391 2797 2456 2865 vi
2529 2821 2672 2866 mu·

654 2920 835 2986 neris
900 2919 1353 2985 instrumenta
1381 2968 1401 3005 ,
1462 2916 1650 2986 dicta
1690 2916 1756 2986 E
1759 2918 1992 3012 ffecten
2039 2942 2169 2988 aan
2221 2920 2489 2990 toonder
2525 2945 2672 2990 cus·

658 3042 878 3112 todire
960 3040 1281 3126 videtur3
1360 3042 1415 3110 si
1497 3043 1683 3111 enim
1776 3041 2026 3112 desinit
2100 3067 2246 3113 csse
2317 3044 2676 3139 Hypothe·

655 3191 897 3238 carum
956 3166 1247 3255 CustOS,
1308 3164 1558 3235 desinit
1617 3168 1824 3236 etiam
1897 3167 2204 3240 officium
2277 3195 2354 3240 ea
2425 3173 2676 3242 instru-

657 3304 885 3362 menta
959 3290 1376 3385 recipiendi,
1453 3290 1641 3359 unde
1707 3302 1904 3384 patet
1974 3292 2277 3363 officium
2341 3320 2486 3365 esse
2535 3321 2678 3366 om-

653 3421 815 3490 nino
890 3417 973 3486 ad
1036 3440 1291 3485 munus
1364 3414 1942 3509 hypothecariam
2009 3418 2382 3510 pertinens.
2485 3421 2678 3493 Haec

653 3545 881 3638 opinio
971 3540 1261 3611 fulc-itur
1342 3551 1756 3633 praecepto,
1844 3564 1928 3609 ex
2010 3565 2152 3634 quo
2233 3545 2684 3636 magistratus

653 3670 1033 3764 Inspecteur
1100 3665 1514 3759 verificateur
1583 3664 1812 3736 dictus
1839 3717 1860 3754 ‚
1959 3664 2216 3736 bonam
2287 3669 2681 3742 custodiam

650 3805 851 3864 curat
897 3792 1147 3862 horum
1172 3844 1192 3881 ‚
1257 3791 1359 3860 uti
1432 3791 1760 3864 omnium,
1816 3791 2438 3862 instrumentorum
2495 3820 2684 3891 quae

768 4083 856 4160 (1)
900 4080 1011 4139 Cff.
1060 4087 1195 4138 artt.
1252 4081 1396 4151 169,
1452 4080 1597 4147 173;
1653 4081 1767 4139 254
1821 4088 1880 4138 et
1928 4082 2042 4140 255
2097 4080 2242 4140 Cod.
2291 4081 2476 4143 Poen.
