2934 5102
1668 637 1764 710 18

703 847 1014 920 custodia
1043 901 1064 938 ‚
1135 861 1206 920 et
1276 848 1371 920 ob
1434 849 1617 920 hanc
1678 853 1827 942 jam
1900 873 2215 919 caussam
2276 853 2497 943 major
2562 874 2731 920 cura

703 999 912 1070 quam
995 975 1066 1043 in
1147 976 1332 1064 suiS‚
1425 974 1519 1045 ab
1592 974 1727 1045 hoc
1817 977 2225 1068 magistratu
2309 975 2731 1070 postulatur.

704 1100 774 1171 Si
820 1099 1030 1170 homo
1075 1099 1428 1192 negligens
1476 1111 1749 1170 creatus
1796 1111 1902 1169 est
1933 1099 2277 1190 Tabellio‚
2330 1101 2453 1194 qui
2488 1123 2729 1194 quam·

701 1228 804 1296 vis
871 1223 1235 1294 abundans
1303 1225 1577 1315 ingenio
1646 1235 1717 1294 et
1788 1223 2102 1294 doctrina
2171 1247 2319 1294 rem
2376 1247 2575 1294 suam
2633 1223 2731 1293 fa-

701 1350 1039 1420 miliarem
1111 1347 1492 1440 dilapidat,
1565 1360 1797 1418 tamen
1865 1359 2097 1442 potest
2162 1372 2309 1420 esse
2368 1348 2679 1419 Tabellio
2706 1401 2726 1438 ‚

703 1474 875 1544 dum
945 1471 1153 1543 modo
1219 1475 1525 1543 muneris
1596 1473 1819 1544 officia
1894 1472 2073 1544 bene
2144 1472 2463 1544 observet
2530 1485 2602 1542 et
2656 1474 2729 1542 in

703 1599 940 1669 locum
1013 1608 1251 1667 tutum
1319 1609 1390 1666 et
1459 1609 1702 1690 aptum
1776 1608 1975 1686 acta,
2048 1607 2182 1667 etc.
2253 1595 2580 1691 deponat.

848 1723 1006 1792 Art.
1087 1718 1176 1791 61
1239 1723 1577 1815 praecipit
1650 1723 1973 1815 insuper,
2032 1733 2232 1811 acta,
2338 1733 2472 1791 etc.
2568 1745 2729 1792 sem-

694 1871 820 1943 per
901 1846 1165 1942 (steeds)
1249 1847 1321 1915 in
1401 1847 1559 1917 loco
1637 1857 1793 1915 tuto
1872 1857 1943 1915 et
2020 1857 2187 1939 apto
2274 1869 2421 1915 esse
2500 1857 2727 1916 custo·

701 1972 976 2043 dienda.

849 2097 935 2166 In
1003 2109 1160 2167 'tota
1241 2096 1394 2188 lege
1478 2095 1567 2164 de
1648 2118 1933 2165 munere
2012 2093 2177 2164 Tab.
2206 2148 2225 2185 ‚
2310 2095 2511 2164 nulla
2594 2095 2729 2166 alia

701 2236 1072 2318 praccepta
1141 2221 1230 2291 de
1299 2222 1450 2315 ipso
1520 2220 1955 2292 custodiendi
2033 2220 2245 2290 modo
2267 2272 2288 2309 ‚
2372 2222 2728 2290 inveniun-

702 2360 866 2435 tur3
939 2359 1044 2417 est
1113 2359 1346 2415 tamen
1410 2344 1607 2415 locus
1674 2347 1747 2413 in
1811 2343 1980 2414 Cod.
2057 2343 2199 2414 Civ.
2270 2345 2567 2416 articulo
2628 2342 2729 2413 27

701 2496 845 2568 quo
915 2472 1202 2542 fortasse
1255 2471 1462 2540 etiam
1519 2468 1951 2540 Tabelliones
2000 2480 2427 2565 spectantur.
2536 2470 2731 2541 Haec

698 2610 867 2669 sunt
937 2597 1192 2669 verba:

851 2750 883 2794 «
909 2723 1014 2793 De
1083 2722 1536 2792 ambtenaren
1592 2744 1725 2790 van
1770 2720 1906 2791 den
1954 2719 2431 2814 burgerlijken
2478 2712 2683 2791 stand
2714 2775 2733 2811 ‚

707 2848 846 2919 «of
909 2847 1163 2917 andere
1211 2845 1647 2917 hewaarders
1673 2899 1692 2935 ,
1766 2851 1903 2939 zijn
1929 2898 1948 2935 ‚
1998 2845 2188 2915 ieder
2232 2868 2401 2916 voor
2446 2848 2735 2917 zooveel

707 2974 930 3042 «hem
974 2983 1264 3064 aangaat
1287 3023 1308 3060 ‚
1367 2969 1879 3063 aansprakelijk
1924 2993 2092 3039 voor
2135 2969 2259 3040 het
2298 2970 2507 3063 rigtig
2554 2969 2736 3039 hou·

709 3096 906 3167 «den
949 3116 1064 3165 ‘en
1132 3093 1454 3164 bewaren
1524 3092 1651 3163 der
1716 3096 2099 3186 registers.»

851 3220 987 3291 Sed
1077 3219 1191 3289 hic
1279 3218 1615 3289 articulus
1702 3218 2049 3287 neminem
2136 3229 2412 3311 praeter
2500 3220 2737 3311 ipsum

695 3348 1183 3440 magistratum
1268 3344 1392 3436 qui
1472 3344 1642 3413 actis
1722 3352 1793 3411 et
1876 3341 2135 3412 tabulis
2218 3353 2439 3411 status
2487 3342 2741 3412 -civilis

704 3482 1019 3566 praeest,
1091 3481 1161 3539 et
1230 3467 1698 3561 graphiarium
1754 3466 2123 3536 tribunalis
2179 3478 2493 3561 spectare
2549 3466 2745 3537 vide·

705 3610 825 3667 tur
893 3607 966 3666 et
1035 3593 1319 3688 quidem
1391 3592 1486 3663 ob
1558 3592 1683 3663 has
1713 3638 1721 3644 -
1748 3594 2089 3663 rationes:

853 3717 930 3789 1⁰
978 3716 1156 3810 Quia
1224 3716 1650 3787 vocabulum
1726 3717 1912 3787 «der
1962 3719 2281 3810 registers
2305 3744 2337 3787 »
2397 3717 2587 3787 clare
2636 3719 2749 3787 in-

705 3847 892 3917 dicat
969 3867 1049 3914 ea
1116 3844 1400 3936 registra
1429 3895 1450 3930 ‚
1502 3841 1593 3913 de
1666 3841 1925 3935 quibus
1995 3864 2205 3935 supra
2272 3863 2499 3911 sermo
2571 3841 2748 3912 fuit.

847 3970 927 4041 2⁰
975 3967 1152 4061 Quia
1222 3968 1615 4039 inauditum
1640 4020 1662 4057 ,
1734 3969 1873 4037 imo
1937 3968 2147 4062 plane
2194 3966 2585 4038 absurdum
2636 3966 2753 4038 fo-

700 4111 849 4189 ret,
921 4098 974 4168 si
1047 4094 1400 4188 legislator
1466 4093 1585 4164 hic
1641 4091 2022 4164 Tabellioni
2094 4104 2165 4163 et
2228 4094 2471 4163 ceteris
2520 4092 2753 4187 depo-
