2934 5102
1191 625 1286 698 59

211 847 556 912 aeternum
581 891 602 928 ,
671 837 834 934 quia
902 836 994 909 de
1063 839 1551 910 transferendis
1596 840 1945 911 veteribus
1999 839 2248 910 instru-

212 966 466 1035 mentis
559 966 626 1034 in
727 965 940 1035 alium
1014 964 1294 1055 locum,
1388 989 1735 1059 nusquam
1803 987 2027 1035 sermo
2096 975 2245 1052 est,

211 1088 809 1182 quemadmodum
903 1089 1036 1159 hoc
1129 1089 1222 1160 de
1312 1089 1711 1160 Tabeliione
1790 1091 2243 1160 constitutum

209 1236 362 1284 esse
431 1235 644 1308 supra
719 1213 1060 1302 vidimuS,
1133 1212 1271 1282 vid.
1343 1213 1432 1282 ad
1500 1237 1659 1307 pag.
1733 1211 1829 1282 12
1902 1225 1973 1284 et
2044 1211 2164 1282 25.

362 1337 502 1407 Res
572 1361 746 1430 quas
813 1361 1001 1406 nunc
1049 1339 1489 1426 memorabo,
1564 1350 1726 1408 sunt
1778 1361 1899 1408 eae
1943 1361 2247 1432 quarum

216 1460 602 1530 dominium
673 1483 900 1553 neque
974 1473 1080 1530 est
1149 1463 1484 1549 civitatiS,
1558 1474 1629 1531 et
1696 1485 1878 1556 quae
1923 1486 2059 1532 non
2110 1486 2247 1532 rna-

218 1585 320 1675 gis
391 1583 526 1653 dici
598 1596 884 1676 possunt
953 1585 1376 1677 pertinentes
1447 1583 1535 1652 ad
1615 1587 1844 1677 ipsum
1916 1586 2245 1656 tribunal.

217 1707 451 1776 Primo
522 1707 676 1778 loco
743 1707 1096 1777 videamus
1167 1707 1256 1778 de
1325 1709 1662 1800 pecuniae
1733 1710 2019 1778 summis
2073 1733 2247 1802 quas

218 1829 672 1926 Graphiarius
742 1833 1048 1926 recipere
1124 1832 1347 1918 solett,
1421 1833 1480 1900 si
1550 1855 1803 1926 nempe
1871 1833 2061 1902 navis
2120 1857 2247 1925 pu·

221 1955 406 2025 blice
464 1954 740 2026 vendita
800 1967 950 2044 est,
1025 1966 1108 2024 ut
1177 1978 1290 2024 aes
1351 1954 1655 2024 alienum
1716 1954 2046 2025 debitoris
2116 1955 2247 2026 sol·

221 2092 467 2169 vatur,
544 2081 848 2174 pretium
918 2079 1133 2172 hujus
1205 2082 1394 2149 navis
1460 2076 1912 2173 Graphiarius
1959 2082 2245 2176 recipit,

222 2203 312 2273 cf.
389 2216 516 2273 art.
592 2200 759 2272 574.
830 2203 906 2274 C.
975 2203 1066 2274 de
1129 2204 1342 2272 meth.
1394 2226 1586 2296 proc.
1634 2206 1705 2272 in
1752 2204 1827 2275 C.
1875 2205 1951 2275 C.
2052 2206 2249 2277 Sum·

223 2350 407 2396 mam
486 2331 820 2422 pecuniae
901 2339 1184 2397 centum
1253 2329 1752 2422 quinquaginta
1826 2328 2247 2401 florenorum

225 2451 465 2544 recipit
531 2449 983 2545 Graphiarius
1057 2453 1114 2521 si
1187 2452 1401 2522 altera
1476 2454 1779 2546 partium
1853 2456 2245 2545 contendit,

221 2577 472 2670 scripta
541 2600 667 2669 per
723 2577 915 2647 litem
987 2576 1376 2647 adhibenda
1404 2628 1423 2665 ,
1499 2600 1644 2647 esse
1715 2578 2103 2649 adulterata
2178 2591 2249 2648 et

220 2700 354 2771 hoc
447 2700 891 2794 probandum
973 2702 1307 2793 suscipit,
1407 2699 1497 2769 cf.
1570 2712 1698 2769 art.
1771 2698 1938 2771 178.
2011 2701 2088 2772 C.
2161 2701 2250 2773 de

219 2824 434 2895 meth.
509 2848 700 2917 proc.
778 2826 851 2893 in
917 2824 994 2894 C.
1067 2824 1191 2910 (λς
1287 2846 1529 2893 caussa
1620 2823 1833 2916 hujus
1905 2825 2073 2919 legis
2144 2839 2249 2896 est

219 2930 448 3023 metus
498 2970 586 3015 ne
630 2947 1006 3039 litigantes,
1057 2970 1328 3041 semper
1377 2946 1643 3016 terendi
1695 2951 2023 3043 temporis
2056 2974 2251 3020 caus·

219 3096 288 3141 sa
315 3072 808 3162 „contendant
857 3070 1275 3157 falsitatem,
1347 3073 1404 3141 si
1478 3070 1652 3142 salso
1706 3096 1821 3143 eos
1866 3076 2249 3146 contendis-

219 3219 290 3265 se
385 3207 758 3290 apparet,·
817 3206 1098 3265 centuni
1192 3206 1261 3263 ct
1356 3196 1859 3288 quinquaginta
1950 3197 2250 3268 florenos

219 3322 570 3389 amittunt.
695 3319 1036 3389 Pecuniae
1108 3317 1501 3413 depositum
1572 3322 1641 3389 in
1714 3326 1853 3389 art0
1926 3318 2094 3392 198.
2169 3323 2246 3394 C.

215 3442 302 3513 de
384 3443 593 3513 meth.
667 3464 860 3535 proc.
933 3444 1004 3511 in
1076 3441 1151 3512 C.
1228 3440 1302 3511 C.
1331 3493 1353 3530 ,
1422 3443 1679 3512 dicitur
1775 3440 2194 3537 Consiynatie
2218 3474 2247 3526 ,-

217 3566 414 3638 locus
485 3566 610 3637 ubi
681 3567 754 3635 in
825 3590 1073 3658 genere
1145 3588 1254 3635 res
1327 3568 1398 3635 in
1472 3566 1595 3635 tali
1666 3565 1979 3661 deposito
2036 3570 2247 3641 collo-

215 3702 470 3760 cantur
565 3702 671 3760 est
769 3689 1114 3759 tab-linum
1213 3692 1364 3782 ejus
1454 3691 1941 3783 magistratuS,
2034 3718 2245 3788 quem

215 3838 340 3886 nos
441 3815 734 3885 dicimus
835 3841 867 3882 «
904 3812 1325 3907 Ontvanger»
1417 3814 1511 3898 ¹de
1592 3837 1735 3908 quo
1803 3816 2043 3913 Capite
2113 3820 2245 3891 V1⁰

217 3937 628 4007 videbimus.
1756 3929 1766 3935 ⁹

367 4061 518 4131 Hoc
610 4061 1004 4155 depositum
1104 4074 1392 4133 vocatur
1472 4064 1660 4159 apud
1744 4063 1986 4138 Gallos
2058 4068 2249 4163 clepsit
