2934 5102
1194 625 1337 698 125

253 840 353 931 gis
402 839 473 907 in
522 838 658 909 hoc
706 837 1004 909 articulo
1054 840 1332 908 omnino
1381 861 1506 908 nos
1555 850 1822 928 movet,
1878 850 1958 908 ut
1982 839 2070 908 ad
2096 838 2275 908 hanc

250 965 726 1056 quaestionem
782 962 1188 1033 affirmando
1236 962 1814 1058 respondeamuS‚
1868 965 1962 1033 ita
2013 975 2093 1032 ut
2142 976 2274 1032 sta-

254 1100 534 1158 tuamus
602 1088 1027 1159 vocabulum
1120 1114 1151 1156 «
1180 1087 1505 1182 openbaar
1531 1115 1563 1158 »
1637 1090 1866 1159 miuus
1939 1090 2278 1182 respicere

252 1237 362 1283 res
412 1213 927 1305 custodiendaS‚
977 1211 1207 1310 (quasi
1258 1213 1369 1284 lex
1418 1226 1654 1306 ageret
1703 1214 1792 1284 de
1840 1213 2052 1284 rebus
2094 1237 2277 1307 quae

255 1339 632 1432 unicuique
704 1337 981 1435 patent)
1054 1362 1270 1432 quam
1345 1338 1634 1410 modum
1703 1363 1846 1433 quo
1921 1339 2275 1410 constituti

252 1474 418 1533 sunt
446 1443 882 1557 depositarii.
1002 1464 1185 1534 Cura
1234 1487 1415 1561 quae
1466 1463 1560 1534 ah
1617 1463 1957 1534 Exactore
2003 1466 2075 1534 in
2122 1488 2276 1534 cus·

253 1587 583 1658 todiendo
633 1588 1060 1681 postulatur,
1112 1600 1217 1658 est
1264 1588 1387 1658 illa
1428 1611 1612 1681 quae
1657 1587 1912 1658 dicitur
1960 1587 2126 1659 boni
2160 1613 2277 1683 pa·

252 1714 377 1782 tris
438 1712 728 1782 familias
790 1711 923 1810 (cf.
972 1726 1099 1783 art.
1153 1711 1346 1783 1776
1395 1714 1472 1784 C.
1525 1710 1696 1811 C.);
1756 1736 1936 1806 quae
1997 1712 2085 1782 de
2145 1713 2278 1782 hac

255 1838 506 1932 culpae
554 1841 1015 1934 praestatione
1039 1893 1060 1929 ,
1112 1839 1235 1910 uhi
1284 1839 1374 1910 de
1422 1839 1708 1934 reliquis
1759 1838 2278 1931 magistratibus

254 1963 683 2057 exponebam
709 2016 729 2053 ,
786 1966 1207 2054 memoravi,
1261 1964 1373 2035 hic
1422 1967 1629 2035 etiam
1677 1965 1956 2035 valeant
2005 1965 2096 2035 cf.
2149 1976 2278 2034 art.

256 2085 453 2157 1744
513 2088 651 2159 sub
697 2086 800 2157 20.
926 2090 1078 2161 Una
1147 2101 1381 2160 tamen
1455 2092 1768 2184 quaestio
1838 2089 2281 2183 dijudicanda
2337 2174 2342 2178 ι

250 2225 391 2304 est,
439 2238 578 2309 qua
629 2238 705 2285 re
752 2239 1032 2308 nempe,
1082 2215 1417 2309 expressis
1465 2213 1694 2285 verbis
1741 2215 1812 2284 in
1857 2214 2015 2308 lege
2054 2212 2151 2284 26
2185 2239 2280 2284 m.

252 2337 421 2432 maji
473 2335 660 2408 1841
698 2351 829 2410 art.
868 2337 996 2430 12,
1046 2339 1273 2410 minor
1322 2363 1492 2409 cura
1543 2350 1666 2408 aut
1713 2339 1982 2410 levioris
2031 2339 2282 2434 culpae

253 2467 623 2557 praestatio
680 2465 1076 2560 postuletur
1122 2489 1162 2534 a
1212 2465 1747 2567 consignationis
1805 2465 2234 2559 depositariis
2257 2515 2280 2555 ‚

252 2589 451 2683 quod
496 2602 949 2685 praeceptum
995 2592 1278 2661 minime
1350 2592 1422 2659 in
1495 2592 2019 2681 consignationis
2087 2614 2282 2684 praef

264 2716 484 2809 ceptis
558 2714 747 2809 apud
801 2715 1213 2785 Exactorem
1262 2716 1651 2804 invenitur,
1701 2738 1929 2808 neque
1973 2716 2045 2783 in
2093 2715 2282 2785 hunc

254 2838 751 2933 applicandum
774 2808 792 2826 ο
824 2852 949 2911 est.
1075 2838 1279 2909 Ratio
1350 2838 1564 2931 hujus
1633 2838 2039 2909 discriminis
2106 2840 2285 2911 inter

255 2964 383 3035 has
432 2965 606 3034 duas
655 2964 1111 3058 depositiones
1136 3016 1158 3053 ‚
1232 2965 1512 3034 omnino
1570 2963 1738 3033 mihi
1789 2963 2083 3034 obscura
2131 2977 2284 3052 estt,

250 3111 487 3160 noune
534 3090 764 3181 potius
810 3090 1065 3157 mirum
1114 3098 1258 3175 est,
1318 3087 1510 3182 quod
1558 3086 1932 3180 legislatori
1980 3112 2282 3183 aequum

258 3216 352 3285 sit
422 3215 645 3283 visum
726 3214 1059 3305 majorem
1133 3235 1372 3283 curam
1444 3235 1487 3281 a
1555 3211 1968 3305 depositario
2047 3225 2287 3307 postu·

255 3340 434 3428 lari,
492 3338 664 3407 dum
728 3337 1078 3431 deponens
1136 3361 1380 3407 usuras
1437 3338 1881 3430 pecuriarum
1948 3336 2285 3432 deposita-

252 3489 420 3534 rum
467 3464 719 3557 accipit
745 3515 764 3552 ‚
817 3486 1030 3557 quam
1076 3462 1169 3532 ab
1216 3452 2142 3556 Hypothecarum’Custode
2184 3462 2285 3533 er-

254 3616 347 3683 ga
382 3589 839 3685 deponentes,
890 3589 1012 3682 qui
1057 3588 1164 3657 sui
1216 3586 1421 3657 officii
1471 3585 1744 3657 levandi
1793 3610 2031 3657 caussa
2078 3587 2286 3682 depo*-

250 3727 440 3787 nunt
466 3768 487 3804 ,
563 3726 634 3784 et
703 3713 977 3784 nullam
1026 3737 1310 3783 usuram
1359 3735 1594 3782 rerum
1643 3710 2112 3806 depositarum
2159 3737 2288 3808 pro

250 3842 400 3911 suis
449 3838 735 3934 pupillis
786 3850 909 3908 aut
956 3861 1163 3908 curae
1208 3838 1545 3930 subJectis
1594 3837 1965 3930 accipiunt.
2063 3836 2288 3931 Majus

252 3967 471 4061 igitur
520 3962 965 4036 commodum
1034 3964 1255 4033 oritur
1310 3962 1683 4055 deponenti
1730 3984 1840 4032 res
1889 3966 2287 4055 consignan-

253 4092 385 4162 das
456 4088 646 4184 apud
717 4088 1125 4159 Exactorem
1149 4140 1171 4179 ‚
1242 4112 1459 4182 quam
1532 4087 1638 4158 illi
1686 4089 1808 4182 qui
1865 4086 2149 4181 deponit
2197 4088 2286 4158 ad
