2934 5102
1701 615 1798 688 86

736 828 827 900 da
896 835 1094 898 erant
1164 828 1620 896 instrumenta
1670 849 1851 919 quae
1911 831 2229 917 spectant
2275 823 2737 918 HypothecaS,

742 976 933 1022 nunc
980 975 1063 1022 ex
1111 952 1317 1042 Regis
1362 950 1647 1020 decreto
1699 946 1740 1018 1
1792 973 1888 1018 m.
1933 949 2121 1040 Aug.
2172 945 2366 1018 1828
2393 1001 2416 1038 ,
2465 955 2564 1017 n0.
2591 945 2734 1036 161,

744 1075 1180 1148 custodiendi
1252 1087 1324 1144 et
1399 1074 1687 1144 curandi
1736 1097 1844 1142 res
1905 1095 2101 1166 quae
2156 1084 2476 1167 spectant
2519 1073 2737 1144 Gadas-

744 1213 933 1271 trum
984 1199 1127 1294 (het
1175 1197 1536 1294 Kadaster)
1585 1199 1894 1268 officium
1943 1199 2022 1268 iis
2068 1199 2352 1290 insuper
2399 1199 2735 1292 praescrip·

746 1337 900 1394 tum
950 1334 1099 1408 est,
1140 1325 1345 1414 jussu
1392 1323 1598 1415 Regis
1648 1322 1908 1393 decreti
1959 1319 2004 1391 8
2053 1346 2148 1391 m.
2183 1325 2350 1414 maji
2400 1319 2616 1412 1859,
2655 1325 2734 1388 n0.

746 1445 891 1536 87,
961 1445 1075 1516 die
1133 1443 1174 1515 1
1243 1471 1337 1515 m.
1394 1445 1572 1540 Apr.
1630 1446 1944 1538 ejusdem
2005 1448 2211 1536 anni,
2288 1447 2559 1518 traditio
2624 1469 2735 1515 om·

746 1573 939 1641 nium
983 1572 1602 1641 instrumentorum
1637 1570 2032 1640 cadastrum
2061 1572 2559 1664 spectantium,
2603 1570 2734 1639 Cus-

750 1696 1031 1767 todibus
1103 1696 1678 1790 Hypothecarum
1752 1695 2033 1765 diversis
2101 1695 2282 1766 facta
2354 1708 2462 1765 vest
2487 1748 2508 1784 ,
2584 1692 2734 1764 unde

745 1845 1079 1891 numerus
1158 1822 1774 1890 instrumentorum
1845 1843 2152 1914 quorum
2222 1818 2606 1913 depositarii
2659 1816 2738 1884 di-

748 1944 949 2015 cendi
1022 1957 1218 2015 erant
1244 1997 1265 2035 ,
1338 1944 1716 2015 admodum
1787 1956 2038 2014 auctus
2109 1955 2237 2014 est.

1681 2191 1841 2288 52.

890 2441 1031 2515 Res
1099 2463 1274 2534 quas
1329 2440 1904 2534 Hypothecarum
1964 2441 2210 2512 Custos
2259 2443 2564 2512 custodit
2603 2465 2744 2510 enu-

747 2578 1144 2636 meraturus
1214 2578 1285 2636 et
1356 2566 1662 2637 breviter
1733 2568 2286 2661 uniuscujusque
2341 2565 2744 2639 instrumenti

750 2703 1073 2761 naturam
1146 2691 1578 2761 indicaturus
1623 2714 1712 2761 ne
1760 2693 1994 2782 justus
2064 2691 2234 2761 ordo
2303 2692 2745 2778 desideretur,

750 2816 1198 2886 memorabo:

897 2937 977 3007 1Ο
1029 2940 1500 3010 Instrumenta
1549 2964 1730 3033 quae
1775 2953 2093 3035 spectant
2136 2941 2604 3034 HypothecaS.

897 3058 977 3129 20
1028 3063 1127 3131 Ea
1176 3086 1359 3156 quae
1403 3075 1722 3156 spectant
1766 3066 2046 3133 navium
2094 3065 2500 3135 dominium.

900 3186 978 3256 50
1029 3186 1127 3257 Ea
1162 3211 1343 3281 quae
1379 3189 1682 3259 custodit
1706 3201 2052 3283 quatenus
2077 3189 2372 3261 cadastri
2393 3202 2624 3263 custos
2647 3201 2750 3261 est.

896 3310 975 3381 40
1026 3312 1124 3381 Ea
1195 3336 1377 3405 quae
1440 3337 1581 3383 non
1651 3337 1888 3383 omnes
1959 3313 2079 3385 sed
2138 3316 2458 3385 nonnulli
2506 3327 2752 3385 tantum

749 3435 1323 3530 Hypothecarum
1382 3436 1718 3508 Custodes
1777 3436 2090 3530 deposito
2139 3438 2448 3526 habentt,
2519 3452 2590 3511 et
2634 3452 2757 3509 tan·

748 3560 951 3629 dem:

896 3682 974 3753 50
1024 3684 1123 3754 Ea
1172 3706 1354 3777 quae
1400 3684 1647 3754 unicus
1693 3684 1814 3753 ille
1865 3684 2438 3779 Hypothecarum
2486 3687 2755 3772 CustOS,

748 3809 869 3903 qui
916 3808 1153 3898 Hagae
1202 3809 1484 3877 Comitis
1531 3808 1828 3898 residet,
1879 3810 2207 3879 custodit.

890 3932 959 3999 ΙΟ
1012 3931 1325 4023 Registra
1374 3956 1557 4027 quae
1605 3932 2178 4026 Hypothecarum
2224 3934 2472 4005 Custos
2523 3962 2608 4006 ex
2641 3936 2759 4003 Re-

744 4058 847 4149 gis
893 4055 1189 4127 decretis
1233 4053 1274 4125 1
1324 4082 1419 4125 m.
1469 4056 1657 4150 Aug.
1707 4054 1948 4148 1828,
1997 4060 2096 4127 n⁰.
2126 4054 2265 4127 161
2293 4109 2314 4148 ,
2363 4056 2408 4127 8
2459 4084 2558 4131 m.
2595 4059 2758 4149 Aug.
