2934 5102
1645 598 1744 671 76

678 810 999 883 sordidus
1070 809 1281 881 homo
1350 812 1421 879 in
1491 811 1635 880 suis
1707 808 2040 880 adhibere
2108 809 2291 879 >solet
2314 863 2336 900 ‚
2419 807 2511 880 cf.
2584 820 2697 879 art.

680 934 899 1007 1743.
973 936 1050 1006 C.
1120 935 1197 1005 C.

826 1060 1181 1132 Adnotata
1262 1061 1648 1129 invenimus
1727 1060 2013 1153 insuper
2089 1058 2466 1161 quaedam·
2525 1082 2702 1154 prae·

678 1198 881 1280 cepta
908 1236 929 1273 ‚
1027 1207 1209 1278 quae
1312 1194 1632 1277 spectant
1733 1182 2024 1253 modum
2124 1183 2562 1255 custodiendi
2647 1208 2700 1253 e.

680 1334 747 1404 g.
852 1311 927 1378 in
1036 1313 1175 1377 art0
1276 1304 1359 1375 ‘2³
1465 1307 1637 1399 legis
1745 1304 1837 1377 51
1944 1332 2044 1377 m.
2143 1305 2342 1377 1824
2435 1310 2565 1403 (St.
2611 1307 2700 1379 bl.

678 1431 779 1503 n⁰.
854 1429 981 1524 26)
1050 1431 1345 1523 legimus
1418 1433 1900 1525 magistratui,
1972 1456 2192 1527 quem
2263 1457 2389 1503 nos
2469 1460 2503 1502 «
2531 1432 2702 1503 amb-

683 1583 717 1625 «
743 1567 983 1627 tenaar
1054 1578 1186 1625 van
1257 1554 1381 1626 het
1458 1554 1756 1626 bestuur
1825 1556 1952 1626 der
2024 1557 2441 1649 Registratie
2461 1584 2522 1647 ‚n
2601 1581 2701 1627 vo·

681 1704 919 1751 camus
944 1734 965 1771 ‚
1038 1704 1187 1751 esse
1247 1681 1367 1773 jus
1437 1678 1846 1773 inspiciendi
1913 1682 2202 1773 registra
2227 1732 2249 1770 ,
2333 1682 2462 1751 sed
2535 1680 2702 1753 addi·

680 1818 835 1875 tum
932 1817 1037 1875 est
1060 1857 1081 1893 ‚
1178 1803 1373 1899 quod
1465 1805 1753 1895 registra
1835 1828 1920 1873 ex
2001 1828 2132 1875 suo
2207 1805 2368 1875 loco
2453 1805 2703 1877 deferre

678 1932 960 2000 minime
1034 1929 1244 2015 licet3
1317 1926 1453 1997 hoc
1511 1940 1966 2022 praeceptum
2027 1931 2174 1999 sine
2231 1927 2454 2001 dubio
2513 1932 2705 2023 scrip-

681 2067 835 2123 tum
906 2065 1011 2123 ffit
1034 2104 1055 2142 ‚
1126 2052 1349 2122 bonae
1420 2050 1778 2121 custodiae
1851 2077 2094 2124 caussa
2120 2106 2142 2144 ,
2213 2077 2306 2125 ne
2379 2054 2701 2125 damnum

680 2179 959 2272 capiant
1028 2178 1315 2269 registra
1388 2200 1474 2245 ex
1557 2176 2030 2248 translatione.

824 2302 1226 2393 Numquam
1315 2300 1604 2391 registra
1690 2303 1854 2392 jure
1947 2300 2200 2372 deferri
2303 2326 2389 2374 ex
2487 2302 2704 2375 archio

681 2426 886 2515 licet,
946 2426 1073 2495 nisi
1130 2425 1199 2493 in
1254 2421 1538 2493 duobus
1595 2424 1872 2494 casibus
1930 2427 2054 2520 qui
2117 2426 2354 2497 locum
2417 2427 2704 2499 habent:

829 2546 929 2622 1⁰.
1002 2549 1073 2620 Si
1146 2550 1665 2619 matrimonium
1738 2548 2102 2643 perficitur
2159 2564 2356 2622 extra
2431 2556 2700 2624 curiam.

683 2676 774 2747 cf.
850 2688 981 2746 art.
1056 2671 1203 2743 152
1281 2673 1357 2745 C.
1430 2673 1506 2742 C.

824 2797 927 2868 2⁰.
1001 2799 1071 2868 Si
1144 2799 1215 2868 in
1277 2797 1645 2889 judiciaria
1705 2800 2147 2893 inquisitione
2207 2803 2570 2897 exemplar
2619 2801 2703 2872 al·

682 2925 895 2996 terius
966 2922 1282 3014 registri,
1342 2945 1507 2990 cum
1569 2921 1792 2993 altero
1850 2922 2065 2993 debet
2135 2925 2432 2996 conferri
2459 2980 2479 3017 ,
2527 2925 2706 3023 quod

680 3050 753 3119 in
824 3046 1056 3117 archio
1114 3045 1482 3116 tribunalis
1532 3049 1681 3139 jam
1738 3059 1844 3118 est
1895 3048 2336 3142 depositum.-
2419 3051 2708 3122 Traditio

681 3174 816 3243 hoc
888 3195 1053 3242 casu
1126 3170 1217 3240 ab
1286 3172 1434 3264 ipso
1511 3173 1918 3264 magistratu
1974 3172 2061 3242 fit
2087 3226 2108 3263 ‚
2181 3197 2264 3244 eo
2323 3175 2537 3246 modo
2601 3176 2708 3270 qui

682 3296 1176 3392 praescribitur
1242 3297 1311 3366 in
1369 3294 1623 3366 Codice
1681 3295 1770 3366 de
1829 3297 2045 3367 meth.
2107 3311 2301 3392 proc.
2366 3301 2439 3368 in
2499 3325 2708 3372 causs.

682 3422 864 3494 civil.
948 3421 1157 3491 titulo
1239 3420 1386 3490 ΙΙΙΟ
1471 3419 1633 3490 libri
1707 3421 1765 3490 Ι.
1871 3421 2016 3492 Nisi
2089 3422 2196 3492 his
2273 3424 2554 3496 casibus
2617 3448 2711 3496 re·

682 3550 891 3642 gistra
991 3556 1214 3616 status
1312 3545 1530 3616 civilis
1556 3597 1577 3633 ‚
1671 3569 2060 3639 numquam
2159 3571 2244 3618 ex
2333 3548 2489 3619 loco
2597 3571 2710 3622 suo

682 3671 1031 3742 deducere
1126 3669 1339 3755 licet3
1434 3670 1878 3762 magistratus
1949 3695 2115 3765 ergo
2193 3696 2279 3742 ex
2367 3673 2524 3768 lege
2596 3699 2713 3769 pu·

684 3794 978 3866 niendus
1072 3806 1221 3882 est,
1316 3795 1373 3864 si
1464 3816 1545 3862 ea
1627 3796 1886 3866 amovit
1967 3819 2050 3866 ex
2135 3797 2418 3880 archio,
2511 3813 2588 3872 et
2663 3801 2712 3870 si

680 3921 1019 3992 damnum
1092 3930 1431 4012 ceperunt
1456 3971 1477 4006 ,
1537 3917 1729 4012 quod
1791 3920 1929 3991 illis
1987 3945 2126 3992 non
2187 3922 2487 3994 allatum
2561 3923 2711 3996 fuis-

684 4057 793 4118 set
816 4097 837 4136 ,
912 4044 967 4114 si
1040 4044 1109 4112 in
1184 4042 1341 4112 loco
1414 4042 1861 4137 depositionis
1885 4097 1908 4136 ‚
1967 4047 2205 4118 archio
2261 4071 2518 4144 nempe
2573 4073 2714 4120 mu-
