2934 5102
1151 627 1251 698 85

189 840 637 933 praecipuum
710 838 1206 931 depositarium
1262 861 1540 908 summo
1604 840 1768 930 jure
1839 835 2216 908 dicendum

189 987 375 1050 esse3
444 986 675 1056 neque
726 961 931 1032 facile
975 964 1132 1056 quis
1180 964 1566 1056 reperietur
1610 965 1733 1056 qui
1776 973 2211 1032 momentum

188 1101 423 1158 eoru‘m
468 1091 1089 1171 instrumentorum
1131 1089 1204 1157 in
1251 1086 1552 1156 dubium
1592 1110 1838 1157 vocare
1886 1086 2162 1156 audeat.

324 1213 722 1307 Numquam
771 1212 1345 1306 Hypotheearum
1381 1210 1630 1282 Custos
1679 1214 1744 1282 vi
1791 1212 2094 1281 muneris
2127 1210 2212 1279 fit

186 1335 634 1430 depositarius
676 1361 909 1406 rerum
941 1359 1123 1429 quae
1170 1338 1359 1430 ipsae
1406 1349 1571 1406 sunt
1617 1322 2044 1432 privatorum
2093 1335 2211 1405 do-

183 1463 467 1531 minium
493 1514 515 1551 ‚
584 1473 657 1532 et
704 1443 884 1555 quae
943 1461 1076 1530 hoc
1122 1462 1398 1530 nomine
1442 1461 1536 1530 ab
1583 1461 1688 1530 his
1735 1473 2025 1554 possunt
2070 1462 2212 1529 vin·

183 1583 393 1654 dicari
415 1638 434 1675 ‚
487 1597 765 1679 praeter
813 1608 891 1654 ea
938 1607 1121 1678 quae
1166 1595 1574 1678 spectantur
1618 1586 1690 1653 in
1737 1597 1897 1654 artt.
1949 1582 2089 1653 591
2141 1597 2212 1654 et

184 1706 368 1799 506,
436 1709 514 1780 C.
564 1710 639 1779 C.
692 1709 781 1778 de
827 1733 1131 1803 quarum
1204 1708 1518 1779 custodia
1589 1710 1868 1803 speciali
1916 1709 2070 1800 lege
2115 1705 2212 1776 26

182 1858 271 1902 111.
322 1837 488 1927 maji
535 1836 693 1903 anni
742 1830 933 1902 1841
988 1845 1274 1903 cautum
1322 1845 1449 1903 est.

324 1959 482 2029 Duo
554 1959 779 2028 officia
852 1960 1223 2052 praecipua
1252 2011 1274 2048 ‚
1346 1969 1622 2054 praeter
1689 1958 1912 2028 officia
1984 1969 2212 2028 cetera

181 2083 559 2153 multifaria
610 2079 726 2180 (1)
774 2083 880 2152 illi
929 2084 1397 2174 incumbunt,
1469 2107 1718 2178 nempe
1760 2085 2046 2176 registra
2095 2082 2214 2152 ha·

180 2207 388 2279 bendi
440 2206 531 2303 (te
577 2206 868 2304 houden)
919 2219 990 2277 et
1039 2207 1472 2278 custodiendi
1532 2209 1622 2302 (le
1672 2206 2042 2305 bewaren):,
2115 2185 2214 2278 lo·

179 2358 301 2404 cus
350 2331 438 2401 ad
486 2355 565 2402 ea
617 2332 841 2402 officia
914 2331 1335 2426 perficienda
1404 2334 1465 2402 ei
1516 2332 1863 2402 indicatur
1913 2332 2046 2402 hoc
2093 2356 2215 2402 no·

178 2462 403 2527 mine:
458 2483 491 2525 «
516 2455 837 2551 openbare
888 2455 1355 2553 bewaarplaats
1376 2483 1446 2547 2),
1498 2457 1588 2527 cf.
1627 2469 1756 2528 art.
1790 2454 1940 2526 254
1977 2457 2055 2528 C.
2090 2457 2211 2544 P..·,

176 2585 403 2653 minus
452 2595 687 2653 tamen
734 2582 1185 2653 attenderunt
1236 2584 1542 2652 animum
1591 2582 1683 2651 ad
1716 2582 2022 2651 officium
2060 2606 2212 2651 cus-

178 2707 533 2794 todiendi3
586 2731 931 2801 nusquam
980 2706 1480 2801 praescribitur
1525 2705 1776 2776 modus
1799 2706 2212 2777 resarciendi

176 2831 411 2902 dar'nni
457 2856 537 2903 ex
590 2833 836 2901 amisso
886 2833 1349 2901 instrumento
1401 2832 1568 2929 orti,
1617 2830 1809 2924 quod
1842 2832 2208 2902 resarcien-

173 2956 343 3028 dum
396 2968 504 3026 est
549 2958 732 3049 parti
781 2957 1060 3049 utrique
1110 2955 1379 3049 «jeqens
1426 2954 1506 3027 de
1542 2956 1896 3051 partijen»
1945 2956 2034 3028 cf.
2076 2968 2204 3027 art.

173 3078 367 3151 1268
421 3080 497 3150 C.
546 3079 620 3151 C.
647 3134 668 3170 ‚
714 3082 985 3174 quoties
1032 3079 1606 3174 Hypothecarum
1655 3092 1888 3151 custos
1937 3105 2207 3153 recusa·

170 3209 344 3277 verit
398 3206 566 3276 dare
612 3217 959 3299 excerpta.
1060 3204 1241 3275 Hinc
1289 3204 1592 3274 dubium
1643 3207 1861 3275 oritur
1883 3256 1904 3294 ‚
1966 3217 2206 3276 utrum

168 3328 615 3402 solummodo
705 3339 985 3422 agentes
1076 3324 1445 3423 (parttjen)
1466 3380 1488 3419 ,
1565 3352 1652 3397 an
1726 3331 2206 3424 unusquisque

166 3458 288 3549 qui
338 3454 681 3524 damnum
732 3476 975 3547 passus
1025 3464 1129 3521 est
1153 3504 1173 3542 ‚
1217 3455 1335 3545 jus
1382 3451 1641 3522 habeat
1686 3452 1968 3547 petendi
2015 3453 2206 3523 dam-

164 3584 233 3651 ni
276 3580 814 3673 reparationem.

312 3702 513 3774 Olim
560 3702 1139 3796 Hypotheoarum
1175 3702 1464 3773 Custodi
1514 3714 1788 3774 tantum
1821 3704 2206 3775 eustodien-

285 3988 388 4067 (1)
470 3986 583 4046 cff.
618 3986 685 4045 O.
721 3987 787 4045 C.
822 3986 943 4045 Tit.
979 3988 1093 4045 XX
1126 3987 1285 4047 Libr.
1310 3986 1443 4046 ·111.
1479 3994 1540 4047 et
1573 4006 1702 4047 VAN
1735 4008 1963 4063 Assa-N,
2009 3992 2211 4071 (Leid-

162 4084 348 4144 ιιι-ωδ,
385 4098 529 4139 voor
561 4080 669 4139 het
701 4078 958 4157 Collegie
991 4100 1104 4139 van
1137 4082 1245 4141 het
1277 4082 1456 4162 Burg.
1490 4080 1710 4160 Wetb.)
1745 4084 1822 4142 ad
1851 4086 1882 4158 §
1918 4086 2052 4144 208.
