2934 5102
1590 625 1736 696 124

649 843 911 937 possint
978 837 1105 933 (cf.
1154 849 1280 906 art.
1332 835 1474 926 16,
1549 836 1910 907 circulaire
1957 843 2060 906 n0.
2113 838 2289 932 ΙΙΙ).
2417 837 2674 910 Eodem

652 964 859 1036 modo
931 965 1002 1033 in
1074 964 1209 1032 art⁰
1257 959 1355 1031 54
1427 959 1686 1030 ibidem
1762 963 1842 1031 iis
1894 974 2172 1032 vetatur
2247 962 2486 1034 delere
2564 975 2681 1034 aut

650 1102 923 1159 mutare
970 1086 1180 1158 verba
1252 1086 1323 1156 in
1397 1086 1700 1177 registris
1725 1137 1746 1174 ‚
1823 1087 2107 1179 insuper
2178 1089 2261 1157 iis
2323 1110 2468 1157 non
2522 1087 2687 1158 licet

648 1218 1105 1285 instrumenta
1168 1233 1251 1280 ex
1303 1208 1457 1279 loco
1509 1209 1958 1302 depositionis
2003 1209 2354 1281 deducere
2407 1210 2502 1281 cf.
2558 1223 2688 1280 art.

650 1338 749 1410 45
838 1338 1147 1422 ibidem3
1237 1337 1311 1403 in
1394 1332 1604 1404 modo
1689 1335 2089 1405 remittendi
2175 1338 2513 1429 pecunias
2601 1335 2688 1404 ad

652 1465 991 1536 aerarium
1050 1459 1419 1555 publicum
1445 1512 1466 1550 ‚
1537 1471 1904 1553 praecepta
1973 1460 2054 1528 iis
2100 1473 2265 1529 sunt
2315 1461 2690 1532 observan-

654 1591 743 1660 da
769 1642 790 1679 ‚
866 1610 1049 1683 quae
1121 1587 1499 1680 respiciunt
1573 1608 1814 1655 curam
1889 1585 1962 1653 in
2034 1585 2450 1656 adhibendis
2509 1611 2690 1656 mar-

653 1717 866 1809 supiis
946 1713 1210 1784 idoneis
1294 1709 1383 1780 cf.
1461 1721 1594 1778 art.
1666 1705 1764 1778 14
1847 1707 2204 1804 Epistolae
2280 1711 2686 1804 (circulaire

534 1835 543 1844 ’
654 1845 755 1909 n0.
820 1835 1056 1935 691),
1130 1837 1309 1929 regis
1368 1834 1628 1904 decreti
1687 1831 1784 1902 25
1845 1857 1940 1903 m.
1991 1834 2179 1904 ,Iunii
2229 1832 2479 1923 18193
2533 1838 2688 1930 quis

652 1964 1004 2056 negaverit
1076 1961 1251 2031 haec
1318 1970 1688 2053 praecepta
1758 1957 2012 2030 honam
2083 1972 2397 2053 spectare
2461 1975 2690 2032 custo-

653 2088 839 2158 diam
866 2085 906 2155 ?
981 2097 1431 2180 praeceptum
1494 2094 1844 2176 praeterea
1897 2097 2290 2156 memoratu
2339 2086 2636 2178 dignum
2671 2140 2692 2176 ‚

572 2256 577 2260 -
655 2210 847 2305 quod
898 2211 1106 2281 etiam
1155 2208 1411 2300 bonam
1491 2205 1877 2277 custodiam
1937 2220 2210 2301 spectat
2235 2261 2256 2299 ‚
2308 2209 2573 2303 legitur
2621 2212 2690 2280 in

658 2341 797 2406 art0
858 2332 1009 2404 660
1064 2333 1138 2403 C.
1200 2331 1289 2402 de
1334 2331 1554 2402 meth.
1606 2353 1803 2425 proc.
1853 2333 1924 2401 in
1974 2332 2048 2402 C„
2101 2333 2177 2403 C.
2205 2385 2226 2423 ‚
2303 2333 2392 2403 de
2465 2335 2690 2429 obsig-

656 2459 901 2532 nandis
981 2457 1195 2528 rebus
1269 2480 1305 2525 a
1376 2454 1805 2548 depositariis
1888 2454 2192 2550 publicis
2275 2459 2645 2530 custoditis
2671 2512 2690 2550 ‚

656 2588 781 2681 qui
831 2583 1167 2655 articulus
1214 2583 1359 2652 sine
1424 2580 1643 2651 dubio
1692 2580 2103 2652 Exactorem
2155 2585 2460 2679 respicit.
2565 2584 2689 2656 Cff.

657 2737 741 2781 nn
790 2734 1003 2801 rmro,
1056 2706 1594 2799 aanmerkingen
1631 2729 1722 2799 op
1755 2705 2163 2777 het.Weth.
2201 2731 2333 2777 van
2369 2708 2690 2802 Regtsv.‚

657 2836 774 2906 Dl.
822 2837 861 2905 I
912 2834 1051 2905 blz.
1129 2828 1535 2918 165-1763
1612 2855 1677 2899 v.
1736 2855 1800 2899 n.
1865 2854 2163 2923 nomm,
2225 2835 2297 2901 in
2347 2856 2562 2927 opere
2607 2835 2692 2905 de

659 2960 904 3032 eodem
979 2958 1217 3029 codice
1292 2956 1431 3027 blz.
1509 2952 1653 3025 627
1677 2997 1710 3010 -
1729 2952 1919 3043 6743
2005 2980 2292 3027 visanum
2319 3010 2340 3047 ‚
2426 2959 2691 3031 ibidem

661 3084 807 3155 blz.
876 3077 1247 3152 289-510.
1346 3078 1605 3149 Omnes
1666 3082 1878 3173 igitur
1939 3104 2047 3151 res
2076 3135 2097 3171 ,
2159 3082 2247 3152 ad
2307 3107 2696 3179 quamcun-

662 3233 804 3304 que
872 3208 1172 3303 speciem
1258 3204 1659 3275 referendae
1731 3207 1868 3276 sint
1892 3258 1913 3296 ‚
1992 3208 2376 3300 consignari
2437 3210 2696 3303 juben-

665 3350 782 3408 tur
806 3389 827 3427 ,
903 3346 974 3405 et
1034 3354 1307 3403 summo
1369 3355 1532 3402 sane
1576 3334 1739 3424 jure
1788 3332 1952 3425 quia
2005 3331 2333 3403 facillime
2383 3357 2465 3404 ea
2516 3359 2697 3430 quae

664 3463 893 3554 magni
965 3469 1130 3529 sunt
1201 3456 1452 3550 pretii,
1531 3468 1653 3526 aut
1725 3457 1968 3550 perimi
2044 3470 2168 3527 aut
2241 3457 2472 3553 abripi
2545 3484 2700 3555 pos·

664 3598 860 3676 sent,
937 3596 1081 3654 tam
1156 3584 1227 3650 in
1300 3580 1635 3650 damnum
1705 3582 2038 3671 civitatis,
2115 3606 2326 3676 quam
2385 3584 2698 3676 ipsorum

664 3712 1117 3807 privatorum.
1242 3705 1328 3774 In
1378 3704 1515 3775 hoc
1563 3717 1938 3801 praecepto
1989 3706 2438 3801 obsequendo
2489 3710 2703 3779 maxi·

666 3837 763 3907 mi
836 3844 941 3903 est
1011 3830 1344 3901 momenti
1409 3828 1637 3922 judici
1711 3830 2109 3901 cantonnali
2158 3832 2332 3901 scire
2356 3885 2377 3921 ,
2457 3845 2702 3904 utrum

668 3983 777 4031 res
823 3978 1009 4052 quae
1058 3953 1574 4047 consignatione
1609 3953 2000 4025 custoditae
2033 3966 2231 4046 sunt,
2284 3954 2700 4049 obsignatio-

668 4087 773 4155 nis
822 4078 1502 4174 comprehendantur
1546 4092 1920 4175 praecepto
1969 4102 2102 4152 nec
2147 4102 2236 4151 ne
2261 4078 2302 4149 ‘2
2372 4083 2554 4153 ratio
2604 4081 2696 4152 le·
