2934 5102
1684 621 1778 693 92

722 833 1085 904 thecarum
1110 833 1345 926 Hagae
1368 833 1652 904 Comitis
1675 830 2100 902 mandantur
2133 855 2260 922 ea,
2309 857 2491 928 quae
2537 846 2714 903 antea

719 962 1161 1052 magistratus
1176 1010 1196 1048 ,
1248 958 1478 1028 dietus
1514 955 2106 1049 Hoos'dbewaarder
2129 957 2246 1028 der
2269 957 2715 1052 soh-eepsbezmj·

718 1107 839 1154 zen
862 1135 883 1172 ‚
954 1107 1037 1154 ex
1098 1083 1251 1175 lege
1296 1084 1506 1177 priori
1555 1081 1892 1176 perficere
1937 1080 2241 1152 debebat
2269 1133 2289 1171 ,
2365 1105 2608 1176 nempe
2649 1095 2716 1151 ut

718 1207 1064 1278 custodiat
1110 1206 1527 1276 documenta
1577 1207 1957 1299 spectantia
2001 1208 2281 1276 navium
2325 1207 2714 1292 dominium3

716 1334 772 1402 si
820 1334 999 1401 enim
1049 1332 1180 1400 hae
1226 1330 1771 1423 magnitudinem
1822 1330 2064 1400 decem
2099 1342 2220 1399 aut
2253 1331 2565 1424 plurium
2594 1355 2714 1400 mo-

714 1455 991 1526 diorum
1041 1433 1348 1544 habent,
1406 1456 1477 1524 in
1532 1457 1702 1525 actis
1757 1455 2060 1548 publicis
2125 1468 2292 1524 sunt
2349 1456 2715 1526 adnotanda

715 1579 837 1649 illa
862 1633 882 1670 ,
954 1603 1135 1673 quae
1191 1593 1512 1674 spectant
1569 1580 1949 1650 dominium
1997 1592 2067 1650 et
2109 1582 2272 1672 jura
2341 1605 2523 1674 quae
2583 1582 2714 1674 quis

716 1704 931 1775 habet
978 1706 1047 1773 in
1094 1727 1207 1774 eas
1253 1727 1459 1773 naves
1533 1701 1694 1800 (1),
1767 1706 1950 1780 varia
2023 1703 2277 1774 adsunt
2337 1707 2617 1798 registra
2657 1716 2715 1773 et

716 1830 893 1899 alius
960 1831 1225 1920 generis
1281 1829 1738 1899 instrumenta
1811 1828 1899 1897 ad
1969 1827 2104 1899 hoe
2169 1828 2493 1900 habenda
2560 1851 2715 1923 quae

716 1955 941 2024 omnia
990 1953 1339 2024 custodire
1384 1953 1690 2023 officium
1726 1965 1830 2022 est
1863 1953 2077 2046 hujus
2111 1955 2554 2047 magistratus
2599 1951 2714 2049 (2).

1659 2145 1884 2296 §5¹

860 2447 1167 2520 Breviter
1232 2450 1327 2519 ita
1396 2451 1795 2520 enumeravi
1845 2473 1954 2520 res
2001 2473 2176 2544 quas
2227 2453 2576 2524 custodire
2619 2451 2716 2521 de·

714 2575 836 2647 bet
932 2575 1506 2669 Hypothecarum
1579 2575 1872 2653 Custos:
1944 2576 2298 2648 videamus
2375 2581 2714 2671 cujusnam

712 2701 1027 2794 singulae
1098 2702 1236 2771 sint
1260 2697 1297 2768 ’Β
1421 2700 1652 2769 Primo
1722 2701 2067 2770 nominavi
2136 2724 2216 2771 ea
2281 2704 2713 2775 instrumenta

704 2850 893 2919 *quae
943 2827 1317 2917 conjuncta
1380 2824 1714 2919 dicuntur
1789 2849 1822 2891 «
1849 2824 1960 2895 het
2003 2826 2359 2919 ambies»,
2437 2842 2509 2899 et
2555 2852 2715 2924 quae

710 2951 1142 3043 potissimum
1219 2960 1537 3019 constant
1609 2948 1914 3042 publicis
2004 2952 2306 3042 registris
2397 2954 2716 3047 (openbare

711 3070 1051 3167 reqisters)
1079 3124 1099 3161 ,
1174 3070 1286 3141 eff.
1356 3070 1788 3143 artt.=1265
1863 3086 1935 3142 et
2005 3098 2195 3169 seqq.
2268 3076 2343 3145 C.
2434 3078 2558 3166 C.3
2626 3078 2714 3147 uti

712 3198 1023 3267 omnium
1072 3198 1694 3268 instrumentorum
1741 3197 2188 3291 publicorum
2213 3252 2234 3289 ‚
2311 3204 2555 3273 civitas
2615 3202 2713 3271 ho·

710 3347 868 3393 rum
940 3321 1230 3393 dicenda
1304 3334 1408 3393 est
1478 3322 1754 3392 domina
1829 3322 1992 3419 (5)3
2076 3324 2364 3417 publice
2444 3326 2714 3399 instituti

832 3580 923 3658 (l)
1005 3578 1094 3638 cf.
1128 3579 1365 3639 Codicis
1398 3598 1520 3639 mer
1606 3580 1726 3639 Tit.
1759 3582 1866 3641 ult.
1899 3582 2060 3642 Libr.
2095 3584 2182 3643 ΙΙ.

832 3673 923 3751 (2)
1006 3672 1116 3731 Cff.
1152 3673 1472 3733 Instructie
1575 3691 1620 3731 u
1654 3676 1768 3733 den
1802 3674 2079 3735 Minister
2110 3698 2224 3736 van
2273 3679 2590 3741 Finaneien
2621 3701 2718 3739 van

717 3770 783 3824 15
838 3766 997 3842 Sept.
1054 3768 1239 3838 1838,
1288 3762 1603 3827 Circulaire
1653 3766 1742 3827 n0.
1778 3770 1890 3829 615
1912 3814 1929 3842 ,
1979 3778 2040 3827 et
2082 3771 2262 3848 Regis
2295 3774 2516 3833 decreti
2553 3780 2616 3834 21
2653 3794 2717 3833 m.

708 3857 875 3917 Junii
916 3852 1097 3929 1836,
1129 3870 1237 3916 art.
1274 3863 1328 3917 5.

830 3950 919 4028 (3)
1001 3950 1091 4008 Cf.
1140 3952 1213 4008 de
1262 3952 1520 4039 dominio
1587 3952 1798 4013 horum
1863 3956 2386 4018 instrumentorum
2446 3958 2718 4023 sententia

706 4044 825 4104 lata
873 4044 968 4102 die
1018 4046 1055 4099 3
1104 4062 1183 4101 m.
1234 4044 1273 4103 J
1278 4066 1373 4103 un.
1430 4048 1600 4103 1845.
1649 4067 1684 4105 a
1745 4047 2046 4108 Tribunali
2097 4050 2376 4111 Harlemi.
