2934 5102
1685 585 1830 658 106

743 794 1036 864 retineat
1093 817 1293 864 arcae
1318 846 1338 883 ,
1397 818 1536 886 qua
1595 796 2052 866 instrumenta
2105 809 2267 866 sunt
2314 797 2579 868 inclusa
2624 796 2730 894 (1).

890 917 1061 987 Jure
1131 918 1453 988 nonnulli
1519 917 1686 988 Ord.
1761 916 2014 990 Gener.
2090 933 2329 990 contra
2405 923 2539 993 hoc
2596 923 2730 1015 legis

743 1054 1043 1135 systema
1115 1056 1579 1133 monuerunt,
1667 1043 1839 1113 nihil
1915 1044 2058 1115 fere
2130 1047 2404 1116 efficere
2478 1045 2732 1141 Graphi-

744 1168 865 1236 arii
939 1191 1173 1237 curam
1202 1221 1223 1256 ,
1298 1170 1353 1236 si
1426 1168 1610 1238 mala
1685 1168 1825 1239 fide
1899 1172 2120 1240 utitur
2193 1172 2731 1266 Hypothecarum

744 1292 989 1361 Custos
1014 1344 1034 1380 ,
1109 1315 1323 1384 quare
1392 1304 1713 1362 auctores
1787 1293 2070 1364 suerunt
2097 1348 2116 1384 ,
2191 1308 2272 1364 ut
2339 1298 2540 1366 tertio
2596 1319 2733 1390 quo·

743 1439 882 1508 que
953 1418 1429 1508 magistratui,
1506 1417 1781 1487 officiali
1855 1418 2146 1511 publico
2196 1443 2254 1488 e.
2315 1444 2428 1512 g.,
2489 1421 2734 1490 manda·

740 1551 937 1610 retur
1021 1565 1185 1610 cura
1269 1555 1339 1612 et
1422 1543 1734 1614 custodia
1823 1542 2033 1613 clavis
2115 1547 2406 1633 tertiae,
2500 1557 2568 1614 et
2636 1546 2734 1638 qui

740 1666 1023 1759 insuper
1089 1667 1476 1736 custodiam
1543 1667 1937 1738 observaret
1965 1721 2022 1761 „
2060 1671 2369 1761 priorum
2417 1673 2732 1763 magistra-

742 1803 995 1878 tuum3
1083 1793 1500 1884 experientia
1587 1793 1770 1862 enim
1848 1792 2011 1885 plus
2097 1793 2311 1864 semel
2389 1795 2730 1882 docuerat,

740 1939 881 1984 non
955 1917 1231 1986 omnino
1304 1915 1622 1986 sufficere
1680 1916 1974 1986 tutelam
2023 1919 2094 1986 in
2142 1920 2614 1989 conservandis
2651 1942 2733 1987 re-

740 2040 875 2109 bus
931 2043 1163 2133 magni
1219 2042 1467 2133 pretii,
1529 2041 1619 2114 ab
1675 2043 2194 2133 magistratibus
2253 2067 2464 2137 supra
2513 2065 2732 2115 memo·

737 2167 899 2234 ratis
954 2164 1395 2260 (Inspecteurs
1441 2190 1591 2236 ,over
1641 2169 1696 2236 ’s
1719 2166 1906 2238 [ands
1955 2167 2309 2263 middelm)
2362 2168 2731 2238 adhibitam.

885 2288 1093 2380 Quod
1166 2291 1414 2360 attinet
1487 2291 1576 2358 ad
1648 2291 1936 2360 modum
2009 2292 2448 2362 custodiendi
2516 2267 2731 2364 instru-

736 2426 971 2484 menta
1020 2426 1397 2484 memorata
1458 2416 1530 2483 in
1585 2417 1890 2486 sectione
1986 2417 2024 2484 I
2091 2417 2307 2509 hujus
2383 2419 2614 2512 capitis
2675 2427 2730 2484 et

738 2565 917 2636 quae
974 2553 1137 2612 sunt
1192 2540 1528 2629 civitatis,
1581 2542 1807 2611 omnia
1880 2566 2061 2636 quae
2133 2545 2374 2613 monui
2458 2544 2524 2612 in
2581 2541 2730 2635 capi·

738 2668 927 2739 tibus
1000 2666 1345 2759 prioribus
1372 2718 1393 2755 ,
1460 2678 1532 2737 et
1592 2666 1875 2758 regulae
1936 2668 2286 2759 generales
2313 2722 2334 2758 ,
2422 2681 2732 2764 quatenus

739 2792 979 2862 officiis
1065 2792 1642 2885 Hypothecarum
1699 2791 2020 2862 Custodis
2101 2816 2243 2865 non
2326 2803 2732 2887 repugnant,

737 2916 855 2986 hic
928 2918 1135 2985 etiam
1207 2917 1437 2987 valere
1511 2916 1851 2988 censenda
1923 2930 2109 2987 sunt.

1560 3136 1950 3159 ⁴0⁶——

1404 3289 1890 3349 SECTIO
1973 3291 2092 3350 III.

960 3471 1044 3509 DE
1084 3469 1307 3507 POENIS
1350 3470 1429 3507 ΕΤ
1471 3468 1772 3510 SEQUELIS
1816 3470 1976 3511 QUAS
2019 3470 2539 3513 HYPOTHECARUM

1053 3576 1281 3615 CUSTOS
1322 3577 1501 3615 MALA
1543 3575 1852 3615 CUSTODIA
1895 3576 2017 3615 SIBI
2059 3577 2444 3620 CONTRAHIT.

882 3721 1090 3813 Quod
1150 3721 1338 3816 apud
1400 3733 1664 3791 ceteros
1730 3723 2172 3814 magistratus
2198 3775 2218 3812 ,
2293 3726 2415 3818 qui
2487 3718 2725 3794 dicendi

736 3859 899 3918 sunt
971 3848 1218 3915 rationi
1290 3845 1686 3916 reddendae
1745 3847 2022 3916 obnoxii
2083 3846 2576 3945 (rekenpliqciq)
2635 3868 2724 3913 va-

859 4064 948 4142 (l)
992 4062 1083 4121 Cf.
1131 4072 1238 4121 art.
1290 4067 1325 4120 2
1376 4064 1552 4141 Legis
1603 4066 1677 4123 26
1728 4084 1804 4123 m.
1857 4065 2006 4142 Maji
2065 4068 2230 4124 1841.
2293 4072 2296 4077 ’
