2934 5102
1271 627 1318 697 7

421 867 454 910 (ι
479 839 938 934 Depositaires
984 837 1108 908 des
1151 836 1316 931 plus
1363 836 1619 930 grands
1662 838 2009 907 interetsa)

419 964 786 1035 Articulus
845 959 938 1033 61
996 961 1192 1056 Legis
1252 961 1342 1032 dc
1395 984 1686 1032 munere
1740 961 2157 1033 Tabellionis
2214 960 2297 1058 (9

263 1090 439 1161 Julii
488 1113 647 1158 ann.
697 1084 928 1184 1842)
973 1088 1072 1158 sic
1115 1085 1354 1157 audit:

423 1241 456 1284 «
485 1214 590 1284 De
641 1213 1034 1284 Notarissen
1093 1211 1327 1282 zullen
1384 1211 1625 1283 hunne
1680 1213 1995 1284 minuten
2020 1265 2041 1303 ,
2091 1214 2298 1305 regis-

271 1367 306 1410 «
331 1352 472 1410 ters
539 1363 626 1409 en
680 1338 1056 1433 repertoria
1115 1339 1188 1405 in
1243 1359 1412 1408 eene
1467 1336 1917 1430 regelmatige
1963 1337 2133 1408 orde
2180 1337 2299 1408 be·

273 1488 568 1535 «waren
593 1515 615 1552 ‚
677 1487 790 1532 en.
818 1461 930 1532 die
980 1460 1206 1532 stceds
1265 1484 1356 1555 op
1399 1485 1569 1533 eene
1620 1485 1984 1555 voegzame
2032 1486 2119 1534 en
2166 1463 2301 1533 vei·

275 1589 476 1682 «lige
520 1588 750 1683 plaats
793 1586 1266 1679 wegsluiten.»

419 1715 889 1784 Instrumenta
916 1764 937 1801 ‚
1008 1735 1191 1805 quae
1261 1735 1300 1780 a
1371 1710 1773 1780 Tabellione
1838 1710 2303 1805 perficiuntur

273 1850 440 1909 sunt
487 1836 885 1908 multifaria.
987 1835 1258 1906 Horum
1299 1836 1923 1906 instrumentorum
1970 1835 2113 1905 duo
2136 1846 2303 1905 sunt

275 1987 562 2058 genera,
611 1962 911 2032 alterum
954 1961 1150 2056 quod
1195 1962 1503 2031 continet
1548 1983 1629 2030 ea
1676 1984 1858 2054 quae
1896 1962 2149 2030 retinet
2180 1960 2301 2030 Ta·

278 2088 494 2160 bellio
520 2139 542 2177 ‚
589 2087 889 2157 alterum
935 2085 1128 2180 quod
1176 2085 1701 2179 comprehendit
1766 2108 1847 2155 ea
1906 2107 2089 2179 quae
2132 2084 2299 2154 edit.

423 2215 896 2284 Instrumenta
941 2236 1124 2307 quae
1170 2211 1312 2282 edit
1361 2211 1673 2282 Tabellio
1723 2224 2061 2282 vocantur
2106 2210 2303 2282 Gros-

277 2365 395 2412 sen
463 2353 583 2411 aut
658 2336 1076 2431 Afschriflen
1099 2363 1127 2416 ‚·
1199 2337 1408 2406 etiam
1490 2336 1950 2406 instrumenta
2032 2337 2105 2405 in
2176 2336 2304 2406 ori-

279 2465 490 2559 ginali
557 2485 1084 2557 nonnumquam
1155 2460 1298 2531 edit
1365 2459 1699 2531 Tabellio.
1832 2460 2304 2530 Instrumenta

279 2615 462 2686 quae
529 2590 780 2659 retinet
804 2640 826 2679 ‚
882 2587 1216 2657 dicuntur
1269 2584 1565 2655 minuten
1590 2612 1617 2665 ;
1680 2596 1809 2654 art.
1860 2582 1954 2654 58
2010 2585 2183 2676 legis
2248 2608 2303 2653 s.

280 2718 328 2787 l.
378 2726 740 2787 enumerat
783 2711 1158 2783 nonnullas
1213 2710 1476 2804 species
1528 2720 1815 2778 actuum
1841 2760 1861 2797 ‚
1912 2706 2001 2777 de
2046 2706 2306 2801 quibus

279 2845 738 2913 instrumenta
785 2839 855 2907 in
899 2834 1211 2928 originali
1258 2833 1462 2905 edere
1510 2844 1740 2927 potest
1766 2885 1786 2922 ‚
1848 2832 2020 2903 dum
2061 2831 2304 2925 regula

279 2965 617 3061 generalis
686 2961 1092 3057 praescribit
1163 2959 1268 3057 (in
1324 2971 1453 3029 art.
1515 2956 1608 3028 58
1669 2958 1758 3029 al.
1821 2954 1901 3053 1)
1952 2971 2033 3029 ut
2078 2982 2162 3028 ex
2208 2959 2308 3027 in-

279 3072 682 3163 strumentis
751 3111 934 3183 quae
1000 3084 1290 3181 perfioet
1315 3136 1336 3173 ‚
1411 3106 1493 3154 ea
1554 3106 1739 3177 quae
1794 3082 2130 3153 dicuntur
2186 3082 2305 3153 mi-

279 3224 488 3287 nuten
535 3223 922 3302 conservet,
975 3222 1046 3281 et
1092 3232 1333 3280 eorum
1381 3208 1863 3303 apographum
1908 3231 2133 3302 yrosse
2166 3208 2307 3278 dic-

281 3356 441 3413 tum
507 3339 689 3410 edat.

431 3464 712 3537 Praeter
777 3464 1234 3532 instrumenta
1305 3460 1375 3527 in
1447 3468 1577 3526 art.
1651 3453 1745 3526 58
1816 3456 1905 3525 al.
1975 3452 2024 3525 2
2092 3457 2308 3526 nomi-

279 3603 444 3661 nata
471 3641 492 3680 ,
561 3586 843 3659 nullum
909 3584 1101 3654 aliud
1166 3582 1382 3653 habet
1439 3583 1578 3651 vim
1646 3580 2027 3651 authentici
2099 3582 2309 3675 scrip-

255 3718 334 3813 §ti
361 3768 382 3805 ‚
442 3715 570 3785 nisi
641 3710 996 3805 exemplar
1051 3707 1314 3777 minuat
1367 3705 1638 3777 dictum
1698 3705 1905 3774 ctiam
1963 3705 2308 3799 possideat

278 3839 613 3911 Tabellio.
714 3838 1186 3906 Instrumenta
1210 3885 1231 3922 ,
1281 3854 1462 3925 quae
1510 3841 1757 3924 utpote
1802 3829 2096 3903 minuten
2152 3856 2309 3904 con·

277 3989 556 4037 servare
614 3962 828 4033 debet
888 3958 1244 4048 Tabellio,
1318 3968 1482 4027 sunt
1555 3980 1634 4026 ea
1706 3980 1888 4051 quae
1951 3968 2309 4051 spectant:

430 4090 844 4159 Contractus
915 4087 1273 4169 universe3

2433 0 2787 15 'vw
