2934 5102
1203 636 1301 707 27

236 870 431 915 mam
501 845 894 916 venditione
965 846 1330 918 mobilium
1393 861 1753 943 acceptam
1804 848 1927 946 (de
1974 874 2113 944 qua
2161 873 2271 920 su·

239 994 374 1064 pra
445 971 683 1040 monui
755 973 825 1042 in
896 970 1040 1040 fine
1107 984 1273 1042 sect.
1334 973 1393 1041 Ι.
1442 997 1514 1067 Ρ.
1564 971 1718 1071 15.)
1768 976 2223 1069 suppresserit
2250 1027 2271 1065 ,

238 1096 640 1192 puniendus
690 1097 778 1165 sit
851 1096 1236 1166 secundum
1309 1111 1437 1166 art.
1515 1094 1659 1169 169
1728 1100 1815 1171 C.-
1863 1100 1940 1171 P.
2000 1101 2121 1194 qui
2177 1101 2273 1169 ita

241 1233 488 1290 sonat:
578 1219 802 1289 «Alie
883 1232 1339 1314 ontvangers‚
1416 1223 1496 1292 of
1554 1237 1699 1294 met
1768 1227 2053 1317 eenigen
2124 1235 2272 1294 ont·

245 1370 278 1413 «
313 1368 488 1437 vang
558 1344 825 1414 belaste
899 1367 1235 1437 personen
1260 1398 1281 1435 ‚
1359 1347 1497 1418 alle
1558 1350 1906 1444 openbare
1970 1349 2273 1420 bewaar·

245 1498 278 1540 «
307 1469 612 1542 houders
634 1522 654 1561 ‚
739 1470 851 1540 die
935 1472 1006 1540 in
1077 1470 1363 1542 hunnen
1437 1484 1596 1566 post
1670 1498 1943 1564 wegens
2020 1473 2271 1567 gelden

243 1623 277 1666 «
305 1594 958 1688 verantwooidelijk
1033 1601 1168 1688 zijn
1194 1648 1214 1685 ‚
1294 1595 1372 1665 of
1435 1595 1547 1666 die
1598 1599 1833 1691 eenige
1879 1600 2272 1692 penningen

243 1747 276 1790 «
309 1743 440 1790 aan
497 1719 619 1790 het
673 1718 967 1812 publiek
1017 1719 1099 1789 of
1155 1718 1557 1813 bijzondere
1628 1745 1968 1814 personen
2017 1722 2273 1793 behoo-

243 1844 523 1916 «rende
583 1843 662 1914 of
710 1846 946 1938 eenige
1001 1846 1329 1939 papieren
1381 1869 1547 1917 voor
1596 1846 1758 1938 geld
1804 1845 2227 1916 strekkende
2250 1898 2271 1935 ,

243 1997 276 2038 «
310 1969 392 2040 of
457 1968 593 2040 ook
653 1971 888 2062 eenige
949 1969 1365 2048 bescheiden
1390 2023 1410 2059 ,
1463 1969 2055 2041 verbindtenissen
2082 2023 2102 2060 ,
2156 1970 2273 2040 ak·

248 2119 280 2162 «
315 2106 434 2163 ten
505 2093 584 2162 of
646 2091 982 2164 roerende
1051 2093 1392 2186 goederen
1419 2146 1441 2183 ‚
1515 2093 1625 2164 die
1674 2095 1777 2164 uit
1829 2094 2083 2165 hoofde
2140 2119 2274 2164 van

247 2241 280 2284 ι(
302 2217 593 2288 ’1111011611
637 2231 796 2312 post
867 2220 938 2288 in
1007 2219 1246 2290 hunne
1291 2219 1571 2290 handen
1618 2244 1849 2290 waren
1876 2273 1895 2310 ‚
1970 2221 2271 2292 verduis·

247 2369 282 2412 «
317 2341 468 2412 terd
538 2342 617 2412 of
677 2366 807 2412 aan
863 2342 1104 2413 hunne
1143 2343 1603 2437 bestemming
1652 2344 2076 2416 onttrokken
2126 2344 2273 2415 zul-

243 2493 280 2536 ι(
314 2467 428 2538 1611
488 2466 766 2538 hebben
792 2519 814 2557 ,
875 2468 1110 2538 zullen
1168 2479 1312 2539 met
1360 2469 1856 2563 dwangarbeid
1904 2455 2071 2540 vom·
2116 2471 2269 2540 een'

241 2622 292 2690 «a
311 2595 436 2687 tijd
499 2594 786 2687 gestrast
846 2594 1127 2666 worden
1155 2647 1174 2685 ‚
1249 2596 1322 2665 in
1397 2595 1596 2687 geval
1650 2595 1739 2665 de
1798 2594 2273 2665 verduisterde

241 2720 391 2790 «of
465 2718 928 2790 onttrokkene
1011 2718 1232 2789 zaken
1320 2719 1545 2790 boven
1616 2718 1705 2788 de
1776 2715 1971 2789 5000
2042 2718 2125 2788 fr.
2199 2719 2273 2788 in

243 2873 276 2916 «
307 2844 588 2917 waarde
659 2843 870 2915 bedra
876 2869 1068 2939 gen.»

393 2970 522 3040 Me·
585 2968 866 3063 quidem
937 2969 1180 3062 judice
1261 2968 1599 3039 articulus
1678 2967 1877 3039 hicce
1957 2967 2273 3039 tabellio-

239 3118 408 3166 nem
437 3147 456 3184 ‚
529 3096 646 3189 qui
721 3097 816 3163 ita
889 3096 1144 3188 egerit,
1220 3118 1359 3165 non
1431 3104 1702 3188 spectat
1728 3146 1749 3183 ‚
1811 3092 2023 3187 idque
2078 3116 2272 3187 prae·

243 3220 488 3290 sertim
512 3272 532 3308 ‚
592 3221 920 3314 quoniam
978 3221 1348 3313 pecuniam
1422 3220 1625 3289 istam
1697 3240 1839 3289 non
1915 3218 2267 3308 custodit,

237 3350 592 3438 quatenus
665 3344 976 3415 Tabellio
1021 3355 1168 3433 est,
1221 3342 1415 3437 quod
1475 3344 1547 3411 in
1572 3394 1579 3399 -
1604 3353 1732 3412 art.
1799 3336 1945 3410 169
1992 3340 2269 3410 omnino

241 3472 645 3563 requiritur.
747 3471 856 3539 Ita
907 3470 1152 3539 statuit
1201 3467 1406 3539 Curia
1459 3468 1795 3561 Suprema
1834 3466 1907 3535 in
1930 3464 2269 3534 sententia

241 3596 318 3665 d.
373 3591 468 3663 19
514 3619 609 3665 111.
659 3594 849 3686 Aug.
901 3619 962 3663 a.
1018 3589 1209 3663 1851
1263 3593 1401 3663 lata
1456 3588 1613 3689 (1),
1665 3613 1845 3684 quae
1894 3589 2271 3659 sententiae

239 3720 319 3790 d.
394 3716 490 3788 22
564 3743 658 3788 m.
730 3718 892 3811 Maji
939 3742 978 3787 a
1040 3715 1231 3788 1851
1297 3742 1336 3788 a
1385 3716 1589 3787 Curia
1650 3714 2059 3786 Provinciali
2110 3715 2270 3787 Zee-

239 3844 521 3915 landiae
595 3845 776 3915 latae
847 3844 1155 3943 derogat.

371 4102 458 4180 (l)
503 4104 592 4161 Cf.
641 4103 938 4181 Regtsgel.
987 4102 1168 4179 Bijdr.
1217 4123 1266 4161 a.
1323 4103 1490 4161 1851.
1543 4122 1598 4179 p.
1650 4102 1781 4163 570.
