2934 5102
1673 594 1816 666 118

882 807 1241 881 Praeterea
1291 781 1800 878 observandum
1848 819 1952 878 est
1976 860 1998 897 ‚
2075 807 2254 878 hanc
2329 810 2743 879 constitutio-

735 957 895 1004 nem
946 936 1173 1003 vocari
1199 986 1219 1023 ,
1272 944 1424 1003 tum
1480 959 1509 1000 «
1541 933 1659 1004 kas
1707 931 1824 1002 der
1845 932 2263 1026 yereytelijke
2289 959 2323 1001 »
2377 945 2531 1002 tum
2585 959 2614 1002 «
2639 933 2743 1003 kas

740 1057 918 1128 «der
965 1057 1335 1151 vrijmilliqe
1380 1056 1822 1150 ccmsiqnatien
1843 1083 1876 1125 »
1899 1110 1919 1146 ,
1969 1059 2280 1151 quamvis
2317 1058 2563 1128 eadem
2593 1059 2744 1128 cista

735 1182 1206 1274 intelligatur,
1282 1183 1353 1252 in
1401 1205 1614 1274 quam
1664 1183 1999 1275 pecuniae
2043 1180 2447 1252 referuntur
2468 1235 2492 1271 ,
2553 1181 2745 1252 modo

738 1331 821 1377 ex
872 1307 1155 1377 arbitrio
1204 1307 1624 1399 litigantium
1675 1318 1797 1376 aut
1830 1305 2226 1376 debitorum
2248 1358 2269 1395 ‚
2319 1306 2531 1377 modo
2559 1310 2746 1399 jussu

729 1430 1033 1523 judicis3
1106 1431 1238 1501 hoc
1292 1443 1564 1501 tantum
1614 1430 2019 1501 discriminis
2067 1431 2474 1501 observatur
2501 1484 2522 1521 ‚
2575 1429 2750 1525 quod

738 1557 1179 1648 magistratus
1230 1579 1546 1626 caussam
1595 1555 2036 1649 depositionis
2106 1556 2389 1625 adnotat
2437 1557 2514 1623 in
2560 1557 2746 1648 regis·

739 1683 917 1768 tris3
968 1683 1113 1774 ipsa
1162 1681 1477 1752 custodia
1527 1680 1736 1774 plane
1785 1679 2027 1749 eadem
2075 1691 2179 1748 est
2205 1733 2225 1769 ‚
2276 1681 2369 1749 ita
2423 1691 2507 1749 ut
2557 1703 2747 1782 quae·

740 1829 1021 1899 cunque
1072 1807 1323 1899 accipit
1345 1857 1367 1895 ‚
1417 1829 1555 1874 una
1604 1804 1948 1875 custodiat
1970 1857 1993 1895 ,
2045 1817 2117 1875 et
2164 1829 2372 1875 unam
2398 1803 2534 1876 hae
2557 1829 2749 1898 pecu-

739 1933 895 2001 niae
944 1955 1286 2001 summam
1335 1931 1785 2001 constituant.

885 2056 956 2124 Si
1005 2055 1117 2125 lex
1159 2055 1368 2148 jubet
1420 2054 1686 2149 aliquid
1749 2055 1822 2124 in
1871 2056 2039 2124 cista
2064 2107 2086 2144 ,
2136 2078 2318 2148 quae
2341 2055 2599 2126 dicitur
2619 2079 2748 2125 con·

741 2180 1167 2273 simiatica-kas
1218 2179 1518 2273 deponi,
1569 2203 1710 2250 non
1759 2203 2032 2273 semper
2081 2180 2380 2250 Exactor
2427 2181 2512 2249 fit
2559 2181 2750 2274 depo-

708 2306 1035 2380 .sitarius.
1136 2304 1293 2373 Art.
1346 2327 1596 2397 nempe
1646 2301 1796 2372 1³¹¹¹⁸
1817 2304 1985 2395 legis
2030 2301 2128 2373 26
2176 2329 2270 2392 m.
2319 2307 2486 2397 maji
2536 2302 2750 2394 1841,

742 2429 1124 2500 custodiam
1198 2451 1428 2498 rerum
1457 2481 1478 2517 ‚
1552 2451 1732 2522 quae
1805 2427 2138 2498 dicuntur
2211 2453 2244 2498 «
2272 2428 2338 2498 E
2339 2429 2574 2524 ffecten
2637 2453 2752 2500 aan

746 2582 777 2624 «
808 2555 1071 2626 toonder
1114 2578 1239 2625 van
1280 2554 1790 2647 minderjariqen
1839 2578 1918 2624 en
1954 2553 2154 2625 onder
2175 2554 2497 2626 curateele
2541 2555 2754 2649 qestel·

746 2680 929 2750 «den
958 2707 987 2749 ›>
1039 2681 1113 2749 in
1160 2690 1319 2747 artt.
1350 2676 1490 2748 591
1522 2691 1591 2748 et
1617 2675 1764 2747 506
1785 2678 1859 2749 C.
1887 2677 1963 2747 C.
1988 2690 2530 2749 memoratarum
2555 2733 2575 2770 ,
2603 2680 2752 2749 Cus-

743 2805 892 2874 todi
963 2802 1532 2897 Hypothecarum
1561 2855 1581 2892 ‚
1629 2803 1770 2872 una
1845 2825 2008 2872 cum
2053 2799 2466 2895 Graphiario
2525 2804 2760 2874 Curiae

745 2928 1189 2999 Provincialis
1214 2980 1233 3017 ‚
1327 2939 1450 2996 aut
1525 2926 1916 2997 Tribunalis
1991 2926 2394 2997 Dioeceseos
2462 2928 2756 2997 mandat.

744 3050 996 3121 Omnia
1068 3049 1199 3119 alia
1276 3061 1644 3143 praecepta
1721 3050 1810 3120 de
1877 3052 2390 3143 consignatione
2457 3063 2758 3145 spectant

744 3174 1200 3260 Exactoremt,
1260 3197 1604 3266 quaenam
1677 3174 1842 3244 huic
1868 3228 1887 3265 ‚
1965 3174 2094 3245 hoc
2168 3178 2240 3244 in
2290 3177 2603 3271 deposito
2651 3176 2758 3248 ob·

745 3299 1079 3370 servanda
1126 3300 1305 3388 sint,
1360 3299 1651 3391 legimus
1697 3300 1769 3369 in
1818 3300 2107 3393 epistola
2140 3376 2146 3381 ,
2176 3325 2230 3371 s.
2278 3300 2327 3369 l.
2385 3302 2758 3395 (circulaire

746 3425 855 3513 D,
908 3421 1005 3493 16
1054 3446 1150 3493 m.
1199 3423 1364 3493 Dec.
1417 3420 1665 3517 1845).

751 3808 777 3834 ιι
800 3778 1162 3857 kenpligtige
1213 3779 1820 3854 Rijks-ambtenaren3
1873 3781 1980 3839 het
2014 3782 2233 3861 bedrag
2265 3803 2378 3841 van
2411 3784 2764 3862 plaatselijke

750 3901 779 3927 ιι
799 3873 1162 3948 belastingen
1180 3917 1197 3943 ,
1245 3891 1536 3930 waarover
1584 3872 1772 3931 wordt
1823 3874 2386 3950 gelitiscontesteerd
2423 3877 2570 3953 (art.
2607 3880 2640 3936 6
2673 3879 2764 3937 der

750 3994 779 4021 ιι
800 3974 917 4023 wet
949 3984 1063 4022 van
1098 3967 1170 4023 29
1207 3964 1377 4043 April
1418 3968 1567 4024 1819
1589 4010 1606 4036 ‚
1640 3966 1970 4027 Staatsblad
2002 3968 2092 4027 n0.
2117 3972 2202 4027 ·15
2222 3968 2247 4045 )
2268 4014 2285 4041 ,
2327 3988 2399 4029 en
2429 3972 2644 4031 andere
2673 3991 2765 4049 ge-

748 4086 777 4113 ιι
798 4058 1003 4117 vallen-
