2934 5102
1682 617 1778 690 62

864 829 1029 900 Mihi
1100 827 1376 899 videtur
1446 826 1843 921 depositum
1906 828 1974 896 in
2037 825 2273 896 archio
2332 828 2479 898 sine
2527 827 2758 899 dubio

716 954 1233 1041 voluntarium,
1308 952 1624 1044 quamvis
1699 962 1905 1020 erunt
1977 952 2100 1043 qui
2184 962 2543 1039 statuant,
2635 951 2758 1022 de·

714 1090 1051 1172 ponentes
1122 1080 1189 1146 vi
1248 1076 1417 1167 legis
1493 1075 1646 1166 cogi
1707 1073 1796 1142 ad
1857 1073 2416 1144 transferendum
2485 1074 2574 1143 ad
2639 1099 2758 1144 ar-

717 1201 971 1272 chium.
1077 1199 1234 1270 Art.
1295 1196 1491 1268 1740
1537 1198 1613 1268 C.
1665 1198 1740 1267 C.
1791 1196 1913 1268 dat
1961 1196 2432 1267 definitionem
2486 1211 2754 1268 certam

716 1324 1010 1418 depositi
1058 1323 1465 1410 necessarii,
1518 1333 1588 1391 et
1647 1322 1965 1390 convenit
2015 1345 2179 1390 cum
2231 1327 2369 1390 art0
2421 1318 2619 1391 1949
2673 1322 2750 1392 C.

715 1448 799 1516 N.
874 1447 997 1516 ubi
1068 1448 1277 1516 etiam
1348 1446 1727 1538 requiritur
1805 1468 2006 1514 casus
2073 1447 2526 1539 necopinatus
2605 1445 2754 1540 (on-

714 1571 1012 1642 voorzicn
1084 1570 1321 1665 loeval)
1396 1571 1502 1638 uti
1563 1592 1803 1638 caussa
1861 1567 2272 1662 deponendi.
2401 1570 2620 1639 Casus
2679 1572 2751 1638 in

718 1707 1017 1788 utroque
1076 1694 1371 1765 articulo
1427 1694 1833 1780 memorati,
1895 1703 2169 1762 tantum
2229 1693 2530 1786 exempli
2595 1717 2746 1784 gra-

716 1819 810 1888 tia
890 1818 988 1888 ibi
1072 1817 1542 1887 adducuntur.
1615 1815 1704 1886 cf.
1747 1815 1902 1884 FF.
1978 1815 2053 1884 L.
2131 1813 2174 1885 1
2255 1816 2290 1910 ᾗ
2367 1815 2416 1884 5
2489 1816 2742 1910 Depos.

860 1942 929 2012 Si
1001 1945 1158 2035 quis
1218 1941 1311 2010 ob
1374 1937 1771 2010 incendium
1821 1937 2107 2031 deponit
2155 1942 2228 2008 in
2277 1940 2514 2011 archio
2537 1994 2558 2028 ,
2609 1941 2744 2010 hoc

714 2065 1106 2158 depositum
1168 2066 1295 2134 erit
1354 2063 1817 2134 necessarium
1847 2089 1872 2140 ,·
1935 2061 2068 2132 hoc
2121 2074 2354 2132 tamen
2404 2062 2556 2133 fieri
2605 2088 2742 2134 non

715 2188 937 2278 solet,
1016 2190 1231 2280 magis
1306 2211 1390 2258 ex
1466 2186 1672 2279 legali
1748 2188 1813 2255 vi
1885 2185 1977 2256 cf.
2053 2198 2214 2256 artt.
2292 2184 2485 2275 484,
2548 2185 2737 2277 516,

716 2309 855 2382 551
885 2363 906 2400 ‚
982 2309 1127 2379 559
1153 2361 1174 2398 ‚
1248 2308 1393 2380 549
1450 2322 1585 2380 etc.
1645 2321 1780 2379 etc.
1855 2309 2025 2379 Cod.
2095 2309 2184 2380 de
2257 2310 2476 2380 meth.
2547 2334 2736 2405 proc.

716 2438 789 2504 in
858 2435 933 2504 C.
1008 2435 1084 2504 C.

861 2560 1001 2630 Lex
1084 2559 1377 2628 tertiam«
1440 2560 1739 2651 speciem
1815 2558 2109 2652 depositi
2181 2582 2320 2628 non
2389 2561 2571 2629 sinit.
2649 2558 2735 2629 cf.

715 2696 843 2755 art.
917 2680 1111 2753 1755
1182 2682 1258 2764 C.
1328 2683 1403 2753 C.
1479 2684 1602 2775 qui
1671 2684 1769 2753 sic
1837 2681 2082 2752 audit:
2157 2683 2740 2777 «Bewaargeving

719 2834 751 2877 «
780 2806 1137 2901 geschiedt
1208 2806 1288 2875 of
1350 2806 1698 2898 vrijwillig
1771 2806 1852 2875 of
1917 2808 2020 2875 uit
2091 2806 2508 2877 noodzaak.»
2555 2876 2574 2885 ,

860 2931 1265 3022 Depositum
1340 2930 1412 2997 in
1485 2929 1718 2999 archio
1791 2953 2024 3000 revera
2099 2930 2569 3001 voluntarium
2643 2930 2740 2999 di·

718 3052 1019 3124 cendum
1093 3063 1198 3122 est
1224 3104 1243 3141 ‚
1318 3075 1484 3136 nam
1541 3076 1925 3146 numquam
1984 3054 2040 3123 is
2100 3056 2223 3146 qui
2270 3054 2369 3123 ibi
2419 3054 2740 3148 deposuit

718 3189 1001 3247 coactus
1075 3187 1179 3245 est
1238 3174 1332 3255 adr
1384 3174 1874 3269 deponendum
1900 3230 1921 3264 ,
1981 3178 2112 3247 nisi
2161 3178 2490 3248 voluisset
2539 3178 2737 3272 quid·

716 3325 930 3396 quam
978 3299 1170 3395 quod
1222 3301 1540 3371 omittere
1587 3302 1971 3393 potuissetg
2023 3325 2083 3371 e.
2136 3326 2202 3394 g.
2255 3313 2383 3371 art.
2422 3299 2568 3371 178
2603 3302 2736 3373 sub

716 3423 799 3495 2⁰
855 3426 931 3495 C.
984 3424 1072 3494 de
1116 3423 1335 3493 'meth.
1387 3448 1579 3517 proc.
1630 3426 1703 3493 in
1759 3425 1834 3495 C.
1887 3424 1963 3494 C.
1991 3476 2012 3513 ,
2063 3427 2402 3519 praecipit
2453 3437 2534 3497 ut
2585 3450 2736 3496 cen·

717 3560 869 3620 tum
945 3550 1444 3643 quinquaginta
1517 3548 1671 3619 flor.
1745 3549 1817 3617 in
1891 3548 2206 3618 archium
2255 3548 2692 3643 deponantur
2715 3602 2734 3638 ‚

718 3676 775 3743 si
847 3674 1003 3767 quis
1079 3672 1431 3743 contendit
1493 3672 1863 3743 falsitatem
1921 3675 2058 3743 acti
2119 3672 2406 3743 exhibiti
2461 3677 2734 3767 (ovome-

719 3794 865 3888 leqd
960 3794 1141 3887 stult)
1241 3808 1311 3866 et
1407 3796 1704 3889 probare
1800 3795 1982 3871 hanc
2066 3794 2439 3867 falsitatem
2525 3797 2731 3883 velit3

717 3943 1101 4012 numquam
1186 3931 1417 3989 tamen
1489 3921 1646 4014 quis
1719 3919 1808 3989 ad
1882 3920 2062 3991 hanc
2136 3919 2510 3991 falsitatem
2583 3945 2730 4015 pro·

718 4042 1017 4114 bandam
1042 4094 1062 4131 ,
1115 4044 1405 4134 cogitur.

2611 5057 2640 5062 μ
2661 5010 2892 5061 ,--Ι
