2934 5102
1148 641 1246 714 21

183 868 678 930 testamentum
750 877 1034 949 quoque
1105 853 1615 950 holographum
1696 879 1843 926 osse
1914 854 2212 926 conbus-

179 997 338 1054 tum
363 1035 383 1072 ,
453 985 602 1076 ipso
675 980 786 1050 die
853 981 1092 1050 mortis
1164 982 1554 1068 testatoris3
1635 983 1783 1074 jam
1855 980 2211 1051 videamus

179 1110 468 1204 quinam
537 1108 880 1176 actionem
951 1104 1219 1176 civilem
1295 1103 1384 1173 ad
1452 1103 1795 1205 damnum·
1845 1107 2212 1176 resarcien-

178 1234 355 1302 dum
425 1233 784 1302 instituere
852 1231 1068 1324 possit
1092 1227 1130 1297 ’ἶ
1201 1228 1430 1300 Facile
1488 1232 1968 1325 unusquisque
2023 1230 2213 1301 videt

179 1382 399 1453 quam
474 1356 756 1427 difficile
825 1358 914 1425 sit
977 1355 1244 1448 judici,
1315 1355 1502 1425 illud
1576 1356 1913 1427 damnum
1996 1357 2213 1427 actori

181 1483 480 1554 allatum
551 1482 934 1552 aestimare.

331 1607 532 1677 Hanc
591 1607 804 1698 igitur
845 1607 1333 1700 ¹quaestionem
1407 1609 1884 1701 exposituruS‚
1940 1609 2215 1679 initium

181 1734 366 1804 facio
445 1731 537 1801 ab
615 1731 1100 1824 investigandis
1179 1732 1565 1802 rationibus
1588 1784 1608 1823 ‚
1692 1745 1979 1827 propter
2043 1757 2217 1827 quas

184 1858 535 1928 resarcitio
614 1855 848 1924 damni
933 1854 1127 1925 allati
1205 1858 1351 1950 peti
1432 1859 1669 1951 possit.
1791 1859 2021 1930 Locus
2096 1859 2218 1952 qui

179 1981 672 2076 disputationis
759 1979 1294 2050 fundamentum
1388 1984 1564 2072 erit,
1650 1997 1753 2054 est
1826 1997 1955 2054 art.
2025 1979 2214 2053 1401

139 2099 264 2178 ⁴C.
337 2107 412 2176 C.
486 2107 607 2200 qui
676 2107 775 2176 sic
849 2105 1091 2176 audit:

341 2256 372 2299 (ε
399 2210 607 2301 ΕΠς6
647 2233 1146 2324 onregtmatige
1215 2231 1430 2322 daad,
1502 2234 1859 2306 waardoor
1914 2261 2043 2306 aan
2092 2260 2219 2308 een

188 2354 466 2426 «ander
523 2355 779 2426 schade
841 2355 1069 2426 wordt
1142 2357 1544 2452 toegebragt
1570 2413 1591 2450 ‚
1652 2361 1817 2431 stelt
1878 2360 2013 2431 den
2068 2386 2217 2454 gee-

189 2508 222 2550 «
251 2505 390 2554 nen
436 2480 608 2553 door
676 2482 889 2553 wiens
963 2481 1213 2553 schuld
1289 2483 1400 2554 die
1471 2485 1727 2557 schade
1772 2485 2221 2558 veroorzaakt

187 2610 339 2697 «is,
398 2608 470 2676 in
526 2606 614 2677 de
661 2605 1076 2701 verpligting
1137 2630 1250 2676 om
1306 2607 1591 2679 dezelve
1656 2623 1723 2679 te
1771 2607 2217 2704 vergoeden.»

330 2732 564 2801 Primo
633 2731 846 2823 igitur
918 2730 1074 2800 loeo
1170 2754 1448 2803 necesse
1518 2745 1623 2803 est
1692 2746 1773 2804 ut
1843 2735 2219 2829 probatum

181 2859 322 2944 sit3
394 2856 666 2926 factum
713 2854 943 2925 damni
1015 2856 1284 2950 accepti
1333 2856 1498 2954 (het
1568 2859 1692 2930 feit
1762 2859 1942 2959 zelf)
1967 2914 1986 2951 ‚
2055 2862 2219 2955 quia

181 2981 340 3051 fieri
411 2991 686 3075 potest,
753 2962 852 3049 ut·
891 2981 1046 3074 quis
1104 2981 1438 3053 damnum
1499 2999 1867 3081 acceptum
1924 3011 2091 3083 prae
2146 2981 2265 3058 se'

185 3108 371 3176 serat
443 3115 756 3191 tantum3
847 3115 976 3174 art.
1051 3102 1244 3175 1282
1316 3107 1523 3180 docet
1592 3113 1764 3210 quid
1834 3125 2029 3183 actor
2098 3113 2220 3207 qui

181 3229 512 3327 probavit
583 3229 916 3300 damnum
945 3282 966 3319 ‚
1037 3233 1252 3325 possit
1323 3236 1595 3327 exigere
1621 3290 1641 3325 ,
1709 3238 1830 3331 qui
1885 3238 2220 3308 articulus

181 3356 503 3451 quamvis
574 3356 645 3423 in
715 3356 1018 3425 sectione
1088 3380 1227 3450 qua
1297 3359 1595 3430 docetur
1650 3361 1737 3431 de
1783 3363 2221 3433 resarcitione

181 3500 372 3579 quae
417 3481 719 3551 debetur
765 3502 850 3549 ex
897 3504 1036 3550 non
1083 3484 1410 3575 praestita
1459 3482 1879 3576 obligatione
1897 3537 1919 3574 ,
1991 3487 2221 3579 ipsum

181 3617 506 3677 nostrum
579 3627 820 3675 casum
893 3616 1160 3697 spectat
1185 3658 1205 3695 ‚
1291 3608 1454 3700 quia
1527 3607 1837 3679 Tabellio
1904 3633 1978 3679 se
2051 3609 2223 3680 obli·

180 3732 376 3825 gavit
435 3728 524 3798 ad
581 3726 1058 3821 recipiendum
1132 3729 1444 3823 deposito
1471 3784 1492 3821 ,
1552 3734 1789 3826 itaque
1844 3736 2053 3806 tacite
2125 3740 2222 3806 t'e·

178 3868 402 3927 netur
477 3853 568 3923 ad
639 3829 1124 3925 redditionem.
1826 3866 1833 3877 ⁸

333 3980 506 4049 Jure
577 3979 788 4071 igitur
881 3979 1036 4050 talis
1107 3980 1462 4073 Tabellio,
1543 3987 1746 4078 cujus
1816 3986 2025 4081 culpa
2097 4001 2224 4058 tes-

183 4116 578 4176 tamentum
651 4104 900 4195 periit,
969 4105 1240 4198 cogitur
1309 4120 1659 4201 praestare
1730 4110 2027 4203 damna,
2100 4137 2226 4181 1166
