2934 5102
1133 607 1227 678 57

156 815 359 907 474,
458 813 603 884 574
698 826 833 884 etc.
934 815 1007 884 C.
1096 813 1183 884 de
1258 815 1472 885 meth.
1550 839 1739 909 proc.
1817 820 1885 886 in
1937 820 2035 889 .C.
2111 821 2188 890 C.

160 940 399 1011 Verba
496 940 567 1007 in
664 940 885 1008 alinea
975 936 1049 1007 4⁸¹
1125 961 1305 1032 quae
1380 951 1652 1008 tantum
1729 941 1816 1012 de
1889 945 2190 1012 nummis

158 1063 533 1148 reddendis
559 1116 579 1152 ‚
656 1064 1075 1134 mentionem
1152 1063 1415 1132 faciunt
1485 1087 1567 1134 eo
1613 1088 1738 1134 nos
1789 1066 2148 1144 adducunt
2169 1121 2189 1158 ,
2294 1107 2295 1110 =

160 1201 245 1256 ut
323 1209 569 1255 manus
662 1187 984 1276 injectio,
1084 1183 1546 1280 (lg'jfsdwanq)
1627 1211 1766 1257 non
1839 1191 2189 1282 permitta-

161 1325 331 1398 tur,
406 1311 460 1378 si
538 1321 691 1376 acta
768 1320 890 1377 aut
964 1307 1093 1376 alia
1170 1309 1510 1402 quaedam
1561 1297 1614 1378 'a
1673 1325 1968 1404 negante
2016 1310 2188 1383 Gra·

158 1433 430 1526 phiario
504 1443 666 1500 sunt
742 1429 1139 1516 reddenda3
1213 1433 1269 1500 si
1328 1435 1750 1504 contrarium
1801 1436 2188 1527 obtineret,

162 1556 521 1649 legislator
594 1554 682 1623 de
755 1557 832 1623 iis
905 1579 1184 1650 quoque
1258 1558 1676 1626 mentionem
1751 1556 2040 1628 fecisset.

310 1678 755 1748 Vocabulum
834 1704 865 1746 «
894 1678 1293 1749 bewaarders
1322 1705 1353 1746 »
1437 1681 1507 1748 in
1583 1681 1680 1749 al‘¹
1731 1679 1806 1749 5³
1857 1681 1982 1754 arti
2044 1681 2189 1752 585

162 1825 599 1874 commovere
672 1825 797 1871 nos
864 1813 1094 1895 posset
1115 1855 1134 1890 ‚
1211 1814 1292 1870 ut
1342 1799 1787 1896 Graphiarios
1838 1807 2016 1875 inter
2064 1805 2190 1877 hos

162 1925 927 2020 comprehenderemus.
1052 1927 1118 1994 Si
1192 1949 1354 1997 vero
1426 1925 1815 2022 Graphiarii
1842 1983 1862 2019 ‚
1947 1930 2191 2003 eodem

154 2057 321 2145 jure
397 2052 825 2121 Tabelliones
852 2104 872 2140 ‚
971 2050 1411 2143 magistratus
1485 2055 1606 2146 qui
1704 2057 1872 2124 actis
1947 2068 2018 2124 et
2095 2069 2190 2125 ta·

164 2174 355 2244 bulis
429 2175 665 2244 Status
740 2173 967 2243 Civilis
1041 2186 1369 2266 praesunt
1397 2227 1416 2263 ‚
1494 2198 1698 2266 porro
1748 2177 1793 2245 ii
1867 2180 1990 2271 qui
2050 2179 2192 2273 Hy-

162 2299 479 2391 pothecis
554 2296 1041 2367 conservandis⁴
1082 2310 1478 2389 praesunt,
1566 2301 1746 2369 inter
1827 2301 1954 2371 hos
2026 2316 2191 2372 sunt

163 2422 529 2491 referendi.
630 2421 1082 2513 Perspicuum
1134 2432 1365 2490 tamen
1420 2435 1556 2512 est,
1611 2447 1692 2493 ex
1747 2427 1947 2494 variis
1999 2451 2191 2496 caus-

162 2547 257 2615 sis
320 2558 389 2615 et
444 2544 823 2616 rationibus
851 2597 871 2633 ,
946 2568 1333 2638 numquam
1385 2543 1849 2638 legislatorem
1900 2548 2025 2619 hos
2076 2549 2189 2619 de-

162 2672 525 2763 positarios
621 2669 753 2738 hoc
852 2668 1147 2739 articulo
1248 2672 1461 2738 teneri
1549 2670 1892 2757 voluisse3
1991 2696 2190 2743 num·

166 2818 383 2887 quam
462 2788 811 2885 legislator
861 2784 1184 2861 'formula
1240 2816 1271 2857 «
1298 2792 1371 2861 in
1418 2793 1676 2864 handen
1727 2796 1953 2865 stellcn
2002 2820 2188 2867 van»

162 2943 333 2988 usus
368 2916 490 2986 “est
519 2968 541 3005 ,
592 2929 671 2985 ut
718 2914 1133 3009 significaret
1184 2916 1445 3011 aliquid
1504 2918 1996 3012 deponendum
2047 2945 2193 2992 esse

159 3045 232 3111 in
313 3040 547 3110 archio
620 3041 1007 3109 tribunalis⁸
1108 3031 1241 3110 Per
1312 3042 1738 3113 vocabulum
1792 3044 2194 3118 bewaarders

166 3168 317 3235 sine
365 3163 581 3233 dubio
632 3174 1065 3257 spectantur,
1116 3163 1508 3257 depositarii
1555 3167 1600 3235 ii
1642 3136 1770 3259 oui
1820 3170 1891 3236 in
1951 3170 2193 3239 eadem

171 3289 367 3358 tituli
440 3300 636 3381 parte
709 3312 846 3381 qua
922 3288 1010 3357 de
1087 3290 1470 3382 Sequestris
1535 3314 1756 3361 sermo
1805 3303 1954 3377 este,
2029 3305 2195 3365 sunt

156 3414 559 3507 depositarii
648 3412 1017 3505 judiciales
1040 3465 1060 3502 ,
1162 3439 1193 3479 «
1220 3413 1640 3505 yereqtelzssce
1730 3412 2130 3485 bewaarders
2159 3443 2190 3485 »

160 3538 665 3633 (depositaires-
708 3534 1161 3631 judiciaires).
1279 3535 1394 3604 Ad
1471 3535 1596 3606 hos
1669 3538 2016 3629 pertinent
2092 3540 2195 3609 illi

160 3662 558 3755 depositarii
632 3662 755 3753 qui
828 3684 865 3728 a
938 3656 1161 3730 Gallis
1244 3658 1570 3730 Gardiens
1647 3671 2029 3752 vocantur,
2103 3664 2192 3733 cf.

160 3798 293 3854 art.
368 3780 565 3852 2060
638 3783 713 3853 C.
786 3782 914 3869 N..·,
1002 3783 1336 3853 articulus
1408 3796 1644 3853 noster
1717 3786 1787 3852 in
1863 3785 2030 3856 Cod.
2106 3789 2194 3859 dc

160 3907 383 3980 moth,
485 3930 673 4000 proc.
774 3908 843 3976 in
941 3905 1015 3976 C.
1094 3907 1167 3977 C.
1268 3920 1371 3977 est
1469 3909 1820 3978 conversio
1920 3913 2194 3983 articuli

157 4030 364 4103 2060
436 4030 514 4099 4⁰
587 4031 661 4101 C.
739 4032 867 4121 N.‚
970 4031 1058 4101 cf.
1160 4044 1286 4100 art.
1391 4030 1586 4101 1776
1687 4033 1760 4103 C.
1836 4034 1910 4104 C.
1989 4060 2193 4128 porro
