2934 5102
1670 633 1769 708 42

700 845 790 919 de
882 846 1158 918 duabus
1259 846 1469 916 rebus
1568 845 1840 934 dicere,
1944 857 2331 915 memoratu
2424 845 2736 938 dignissi-

702 973 871 1061 mis,
923 984 994 1041 et
1041 983 1328 1066 propter
1395 982 1714 1038 naturam
1788 969 1999 1062 ipsius
2048 971 2144 1040 rei
2194 969 2549 1064 depositae
2574 1022 2597 1060 ,
2668 984 2737 1042 et

698 1108 983 1189 propter
1064 1087 1380 1164 utila'tem
1453 1116 1663 1186 quam
1749 1092 2081 1186 depositio
2162 1093 2409 1163 harum
2493 1119 2732 1165 rerum

701 1220 922 1290 affert.

847 1343 1072 1412 Prima
1150 1352 1315 1410 sunt
1385 1352 1536 1409 acta
1609 1363 1790 1433 quae
1858 1364 2015 1434 pars
2086 1341 2157 1409 in
2238 1339 2361 1410 lite
2440 1313 2733 1412 conten-

701 1467 804 1536 dit
862 1466 1273 1535 adulterata.
1347 1464 1457 1534 cff.
1522 1475 1681 1533 artt.
1746 1461 1937 1553 182,
1992 1461 2139 1533 289
2193 1477 2263 1534 et
2318 1463 2485 1534 292.
2562 1467 2729 1536 Cod.

701 1590 790 1660 de
859 1589 1076 1659 meth.
1148 1614 1253 1683 pr.
1330 1591 1398 1657 in
1474 1589 1675 1658 Ceus·
1736 1588 1877 1658 Civ.
1980 1588 2295 1658 Secunda
2352 1602 2516 1659 sunt
2578 1603 2727 1660 act-a

701 1727 824 1785 aut
915 1716 1372 1784 iustrumenta
1459 1735 1641 1806 quae
1726 1712 1814 1781 ad
1893 1715 2473 1804 comparationem
2567 1725 2727 1784 sun't

700 1839 1004 1908 adducta
1099 1849 1184 1906 ut
1251 1837 1531 1906 ·falsitas
1620 1835 1903 1905 illorum
1973 1835 2134 1905 inde
2206 1837 2570 1930 probetur.
2642 1838 2724 1908 cf.

701 1976 830 2032 art.
903 1958 1048 2031 189
1119 1961 1195 2030 C.
1267 1961 1355 2031 de
1426 1960 1641 2029 meth.
1711 1983 1816 2054 pr.
1888 1961 1959 2029 in
2007 1960 2110 2030 C.
2182 1961 2259 2030 C.
2368 1961 2541 2032 Fieri
2614 1986 2725 2057 po-

702 2100 838 2156 test
923 2097 1004 2155 ut
1085 2085 1255 2154 haec
1341 2096 1494 2154 acta
1579 2085 1716 2153 sint
1788 2083 2171 2154 dominium
2244 2086 2539 2156 civitatis
2612 2098 2725 2156 aut

700 2212 1173 2305 privatorum3
1245 2211 1302 2277 si
1371 2210 1910 2277 instrumentum
1980 2208 2333 2301 quoddam
2399 2211 2724 2302 originale

702 2357 786 2404 ex
881 2331 1293 2401 Tabellionis
1387 2333 1899 2420 instrumentis,
1982 2345 2104 2400 aut
2192 2332 2722 2427 chirographum

702 2457 948 2553 privati
1029 2455 1395 2547 cujusdam
1476 2455 1546 2522 in
1623 2454 1851 2525 forum
1930 2455 2385 2549 producitur,
2477 2461 2723 2528 utrius-

702 2607 842 2676 que
913 2577 1364 2674 Graphiarius
1431 2578 1518 2647 fit
1588 2579 2043 2674 depositarius
2067 2633 2088 2670 ,
2158 2594 2227 2651 et
2283 2583 2355 2651 in
2428 2596 2723 2678 utroque

703 2707 943 2777 eadem
991 2730 1158 2775 cura
1203 2716 1308 2773 est
1357 2702 1771 2773 adhibenda.
1871 2702 2061 2774 Artt.
2112 2703 2299 2795 185,
2343 2704 2487 2776 186
2515 2760 2536 2797 ,
2587 2703 2721 2777 187

703 2843 773 2900 et
833 2828 976 2899 189
1043 2829 1240 2919 Legis
1296 2852 1350 2897 s,
1413 2826 1460 2895 l.
1526 2829 1879 2898 continent
1938 2828 2237 2918 formaS,
2310 2855 2492 2924 quae
2566 2842 2721 2901 sunt

701 2950 1168 3023 observandae
1234 2952 1306 3019 in
1379 2950 1803 3021 deducendis
1878 2954 2047 3022 actis
2072 3006 2093 3042 ,
2162 2965 2296 3023 etc.
2370 2979 2718 3049 compara·

695 3078 904 3147 ‘tionis
951 3098 1220 3144 =caussa
1250 3126 1271 3162 ,
1357 3098 1440 3143 ex
1524 3076 1685 3169 ipsis
1757 3076 2024 3145 archiis,
2147 3077 2377 3147 Verba
2467 3082 2721 3174 quibus

691 3204 926 3272 utitur
997 3199 1348 3291 legislator
1421 3200 1493 3268 in
1574 3204 1715 3267 art0
1794 3196 1937 3268 189
2029 3198 2098 3294 («
2123 3200 2195 3269 in
2275 3201 2539 3273 handen
2604 3227 2721 3274 van

705 3353 736 3394 «
763 3326 888 3396 den
957 3322 1237 3416 Griffier
1264 3324 1325 3414 »)
1399 3323 1917 3416 quaestionibus
1991 3346 2302 3395 caussam
2364 3302 2722 3420 praebent.

700 3452 825 3520 His
921 3449 1158 3536 actis,
1232 3447 1670 3540 aliquatenus
1776 3448 2285 3542 aequiparanda
2388 3465 2557 3520 sunt
2650 3474 2721 3520 ea

702 3593 882 3661 quae
950 3566 1283 3636 dicuntur
1342 3565 1532 3658 apud
1590 3588 1759 3635 nosz
1836 3592 1869 3633 «
1906 3565 2207 3639 Stukkcn
2264 3592 2389 3639 van
2450 3568 2723 3640 overtui·

700 3692 916 3783 yiny.»
1003 3689 1092 3759 cf.
1168 3701 1297 3758 art.
1371 3686 1518 3757 152
1584 3702 1653 3758 et
1723 3687 1866 3759 228
1936 3688 2010 3759 C.
2085 3690 2174 3761 de
2241 3691 2461 3761 meth.
2539 3716 2721 3786 proc.

699 3817 772 3885 in
820 3815 1022 3893 Caus.
1067 3812 1278 3883 Poen.
1381 3813 1576 3882 Inter
1622 3812 1795 3883 haec
1839 3814 2187 3907 pertinent
2211 3866 2232 3903 ,
2280 3814 2533 3907 gladii,
2584 3813 2722 3886 cul·

702 3941 790 4009 tri
818 3991 838 4025 ,
895 3961 1082 4007 arma
1111 3990 1130 4025 ,
1189 3948 1322 4006 cet.
1382 3937 1641 4032 quihus
1698 3961 1857 4007 reus
1924 3962 2089 4007 usus
2147 3951 2253 4007 est
2304 3951 2431 4008 aut
2488 3962 2720 4011 secum

701 4064 903 4133 duxit
997 4061 1062 4129 in
1141 4059 1568 4155 perficiendo
1646 4061 1907 4130 scelere
1931 4113 1952 4149 ,
2034 4074 2105 4131 et
2188 4075 2414 4133 cetera
2498 4064 2721 4133 omnia
