2934 5102
1677 663 1771 736 98

710 875 943 948 diendi
974 875 1383 946 mandatum
1420 888 1547 946 est.
1623 877 1692 947 Si
1736 877 1950 968 igitur
1994 876 2428 968 magistratui
2473 875 2704 969 deposi-

712 1006 915 1074 tionis
955 1026 1197 1072 caussa
1232 1001 1572 1072 tradlmus
1623 1000 1922 1096 aliquid,
1970 1000 2105 1070 hoc
2153 1001 2341 1094 apud
2392 1003 2703 1071 civitatem

714 1129 1111 1222 deposuisse
1172 1127 1496 1197 censendi
1557 1151 1845 1213 sumu53
1902 1128 1958 1195 si
2015 1128 2460 1217 magistratus
2529 1125 2706 1218 depo-

714 1255 923 1323 situm
975 1250 1232 1340 violat,
1292 1253 1532 1321 civitas
1575 1251 1864 1321 violasse
1913 1250 2231 1338 videtur,
2283 1274 2322 1319 a
2366 1275 2502 1342 qua
2547 1249 2708 1317 dam-

716 1401 884 1447 num
955 1374 1470 1446 resarciendum
1537 1389 1738 1447 esset.
1863 1376 2016 1446 Hoc
2065 1399 2272 1445 sensu
2319 1375 2527 1444 verba
2571 1400 2598 1442 «
2621 1373 2712 1442 het

718 1501 887 1592 szy'k
978 1499 1039 1569 is
1080 1502 1093 1507 ’
1133 1499 1632 1594 aansprakelejk
1660 1527 1692 1568 »
1774 1500 2294 1592 interpretanda
2373 1499 2672 1569 videntur
2693 1550 2711 1586 ,

718 1625 841 1698 sed
932 1626 1078 1720 ipse
1155 1624 1277 1694 ille
1358 1625 1698 1694 articulus
1779 1624 2039 1694 indicat
2116 1624 2408 1694 modum
2490 1623 2715 1694 civitati

721 1748 1197 1820 adhibendum
1280 1751 1349 1819 in
1432 1749 1890 1820 custodiendo
1915 1802 1935 1839 ,
2016 1751 2138 1844 qui
2217 1751 2588 1843 oppositus
2629 1759 2718 1816 est

720 1875 930 1946 modo
1007 1876 1079 1944 in
1162 1879 1302 1944 art0
1384 1871 1581 1943 1744
1652 1874 1742 1944 cl.
1817 1898 1981 1943 cum
2052 1879 2189 1942 art0
2257 1871 2456 1942 1776
2523 1873 2594 1942 C.
2651 1871 2716 1939 C.

722 2000 1046 2070 indicato.

869 2125 1049 2194 Aliis
1122 2124 1349 2194 verbis
1418 2123 1606 2193 hisce
1705 2123 2002 2192 «civitas
2081 2134 2388 2216 praestat
2469 2123 2721 2216 culpam

729 2251 1237 2340 «majorem»,
1318 2248 1505 2317 idem
1589 2259 1718 2348 art.
1800 2244 1942 2336 12,
2035 2249 2541 2341 praecepisset,
2623 2246 2723 2340 qui

726 2397 917 2444 nunc
1010 2383 1465 2466 praeceptum
1549 2371 1670 2440 dat
1696 2424 1716 2461 ,
1804 2370 1999 2465 quod
2079 2373 2357 2442 omnino
2439 2372 2724 2466 exceptio

727 2497 1011 2591 regulae
1082 2499 1153 2566 in
1198 2501 1337 2567 art0
1384 2492 1580 2575 1744
1635 2495 1770 2566 sub
1827 2494 1909 2565 20
1967 2493 2215 2587 datae,
2264 2496 2556 2568 dicenda
2600 2508 2726 2583 est,

730 2625 895 2717 quia
942 2625 1223 2712 civitaS,
1294 2647 1417 2693 seu
1485 2624 1719 2715 potius
1789 2625 2232 2715 magistratus
2295 2648 2426 2717 pro
2483 2626 2728 2694 civitate

731 2772 871 2819 non
922 2750 1130 2840 gratis
1181 2760 1304 2817 aut
1354 2760 1630 2817 tantum
1679 2748 2017 2818 amicitiae
2063 2772 2299 2818 caussa
2323 2801 2346 2839 ,
2406 2748 2529 2817 sed
2583 2769 2730 2817 mer-

734 2873 905 2943 cede
977 2885 1185 2966 pacto
1259 2872 1587 2945 custodit.

882 2995 1282 3065 Voluerunt
1365 2995 1686 3067 nonnulli
1770 2995 1938 3066 Ord.
2017 2993 2274 3066 Gener.
2322 2997 2582 3090 'legem
2651 2999 2733 3064 ita

738 3118 1293 3191 constituendam
1393 3144 1540 3190 esse
1564 3173 1585 3208 ,
1685 3133 1765 3191 ut
1866 3130 2140 3193 omnem
2223 3123 2432 3191 etiam
2513 3120 2736 3193 levissi-

738 3268 924 3315 mam
1006 3243 1289 3338 culpam
1373 3257 1850 3337 praestarent:
1934 3246 2197 3316 scilicet
2276 3247 2622 3341 putabant
2677 3246 2736 3312 in

740 3372 1005 3441 nullius
1074 3372 1201 3441 nisi
1274 3371 1488 3463 ipsius
1562 3369 1956 3463 depositarii
2017 3371 2462 3441 commodum
2489 3424 2509 3461 ,
2584 3372 2735 3441 hanc

744 3497 1326 3588 consignationem
1424 3493 1576 3563 fieri
1601 3547 1622 3583 ,
1709 3518 1888 3586 quae
1974 3497 2150 3565 ratio
2232 3498 2510 3567 omnino
2596 3495 2738 3565 falsa

743 3622 1023 3692 minime
1074 3621 1341 3708 valuit,
1392 3630 1768 3715 postquam
1841 3620 1898 3687 is
1972 3621 2094 3714 qui
2150 3642 2260 3689 res
2332 3620 2534 3691 Civit.
2585 3622 2738 3690 Just.

746 3757 971 3839 spect:
1022 3744 1361 3833 curabat,
1424 3746 1789 3837 exposuit,
1849 3743 2244 3837 depositum
2295 3740 2576 3817 omnino
2617 3741 2742 3812 fieri

742 3870 819 3937 in
888 3868 1335 3940 commodum
1406 3870 1656 3938 tutoris
1730 3880 1852 3937 aut
1921 3870 2281 3939 curatoris.
2389 3869 2452 3939 E
2496 3889 2743 3963 respon·

748 3996 836 4063 sis
897 4016 1061 4062 vero
1132 3992 1321 4063 illius
1394 3994 1676 4091 minime
1747 3968 1952 4062 mihi'
1986 3996 2264 4086 patuit,
2336 4020 2558 4088 quare
2623 4006 2744 4062 tan-

751 4130 902 4187 tum
983 4119 1355 4210 praestatio
1439 4118 1693 4211 culpae
1765 4118 1946 4188 latae
2019 4118 2108 4187 ab
2179 4120 2258 4188 iis
2327 4121 2744 4212 postuletur,

2847 950 2850 1052 ι

2847 1138 2849 1230 ἱ

2849 1269 2852 1388 1

2853 1905 2856 2070 ἱ
