2934 5102
1670 595 1767 668 54

701 827 949 874 -verum
1051 819 1508 897 agnoverunt,
1610 806 1701 880 cf.
1802 819 1931 876 art.
2018 803 2135 876 44.
2260 806 2455 898 Legis
2538 830 2594 875 s.
2674 804 2722 874 l.

853 927 972 998 Ad
1055 931 1364 1000 tribunal
1437 931 1786 1024 pertinent
1860 954 1941 999 ea
2014 932 2469 1000 instrumenta
2546 954 2723 1024 quae

707 1052 1038 1124 dicuntur
1117 1054 1643 1125 Processtukken
1667 1082 1695 1134 ‚·
1780 1055 1953 1124 haec
2028 1056 2254 1124 omnia
2328 1057 2399 1124 in
2473 1054 2717 1124 classes

707 1177 1080 1248 distributa
1151 1179 1689 1267 custodiuntur,
1766 1179 1860 1248 ita
1924 1190 2005 1248 ut
2063 1177 2269 1248 facile
2314 1202 2376 1248 e.
2428 1203 2495 1269 g.
2538 1179 2719 1270 judi-

706 1303 802 1371 cis
875 1303 1209 1371 sententia
1269 1304 1340 1372 in
1401 1314 1589 1372 certa
1646 1325 1883 1372 caussa
1912 1353 1932 1391 ,
1996 1325 2089 1370 ex·
2142 1277 2423 1395 speciali
2472 1301 2717 1372 horum

705 1428 1319 1496 instrumentorum
1394 1426 1805 1496 collectione
1880 1425 2191 1518 depromi
2264 1428 2499 1520 possit.

849 1550 1062 1622 Porro
1135 1564 1299 1621 sunt
1364 1553 1822 1620 instrumenta
1872 1575 2053 1644 quae
2102 1550 2501 1642 singulatim
2551 1551 2714 1621 indi-

695 1689 1000 1766 ·cantur,
1052 1675 1208 1746 vide
1258 1688 1386 1746 art.
1438 1673 1606 1745 164.
1652 1675 1728 1745 C.
1779 1675 1867 1744 de
1901 1675 2117 1746 meth.
2153 1698 2343 1768 proc.
2384 1677 2457 1744 in
2496 1674 2571 1745 C.
2608 1675 2714 1764 C„

703 1823 955 1895 nempe
1028 1824 1208 1895 quae
1278 1802 1349 1869 in
1423 1799 1656 1870 archio
1706 1799 2193 1894 producuntur
2240 1811 2310 1869 et
2349 1799 2572 1891 judici
2620 1823 2712 1870 re-

696 1927 1080 1995 mittuntur
1102 1977 1123 2014 ,
1198 1925 1270 1994 in
1338 1925 1418 1993 iis
1496 1925 1749 1993 caussis
1776 1975 1796 2011 ‚
1853 1945 2037 2017 quae
2090 1935 2377 2017 propter
2433 1926 2713 2016 gravita-

705 2061 846 2117 tem
921 2050 1178 2141 scripto
1250 2049 1710 2117 instruuntur.
1833 2047 2051 2141 Apud
2122 2044 2367 2118 Gallos
2422 2050 2713 2143 speciale

699 2174 1069 2263 registrum
1095 2224 1118 2260 ‚
1170 2171 1258 2240 ad
1316 2171 1488 2242 haec
1547 2171 1941 2241 habebatur
1965 2223 1984 2260 ‚
2043 2195 2131 2240 ne
2180 2174 2709 2243 instrumentum

702 2296 932 2366 ullum
1007 2297 1226 2366 amitti
1300 2298 1537 2390 possit.
1601 2295 1691 2365 cf.
1752 2307 1881 2364 art.
1942 2293 2089 2366 108
2154 2320 2245 2366 en·
2290 2294 2435 2366 109
2494 2298 2572 2368 C.
2632 2298 2713 2367 de

699 2431 864 2490 met.
941 2443 1132 2513 proc.
1205 2421 1274 2488 in
1340 2418 1416 2488 C.
1486 2419 1541 2488 C
1601 2416 1734 2514 (1).
1853 2421 2149 2513 Insuper
2219 2421 2415 2491 adest
2488 2421 2711 2493 discri-

699 2568 858 2615 men
932 2546 1003 2614 in
1075 2541 1483 2637 recipiendis
1553 2544 2023 2614 instrumentis
2093 2568 2494 2616 caussarum
2560 2570 2710 2644 poe-

698 2670 962 2739 nalium
1057 2681 1131 2740 et
1226 2669 1579 2757 civilium,
1679 2667 1769 2737 cf.
1866 2680 1996 2737 art.
2094 2666 2211 2739 62.
2310 2670 2474 2763 Leg.
2551 2695 2605 2742 s.
2666 2670 2709 2739 l.

699 2794 852 2863 Hoc
925 2816 1086 2863 vero
1181 2792 1549 2863 discrimen
1639 2794 1951 2885 quamvis
2050 2817 2289 2890 caussa
2386 2819 2427 2864 a
2522 2796 2709 2889 legis-

699 2918 920 2987 latore
993 2940 1132 2986 non
1205 2918 1294 2987 sit
1365 2940 1678 3009 expressa
1706 2970 1727 3005 ‚
1811 2919 2039 2987 minus
2111 2932 2378 3013 spectat
2450 2919 2709 3014 deposi-

701 3054 856 3111 tum
916 3054 986 3111 et
1047 3064 1286 3111 curam
1347 3065 1384 3110 a
1442 3036 1853 3134 Graphiario
1930 3041 2395 3113 adhibendam
2421 3096 2442 3134 ,
2504 3069 2707 3139 quam

697 3168 1172 3246 necessitatem
1254 3165 1529 3235 officiali
1611 3165 1898 3258 publico
1922 3219 1943 3254 ‚
2039 3177 2122 3236 ut
2210 3167 2399 3255 illico
2496 3172 2705 3257 sciat,

607 3368 620 3383 κ
696 3294 1150 3361 instrumenta
1245 3313 1426 3384 quae
1500 3313 1812 3360 caussam
1878 3313 2081 3383 poen.
2164 3306 2482 3386 spectant
2509 3347 2529 3383 ‚
2624 3292 2704 3363 ad

695 3416 1004 3486 tribunal
1100 3415 1509 3509 pervenisse.
1635 3415 1929 3508 Insuper
2017 3415 2208 3486 aliud
2302 3419 2703 3488 instrumen-

693 3554 850 3610 tum
922 3542 993 3609 in
1068 3539 1378 3609 custodia
1452 3535 1845 3632 Graphiarii
1932 3550 2081 3628 est,
2166 3564 2417 3635 nempe
2490 3543 2705 3613 Tabu-

679 3664 762 3734 la
845 3666 914 3732 in
995 3687 1276 3757 quoque
1350 3662 1680 3733 tribunali
1775 3662 2093 3733 habenda
2188 3688 2271 3734 ex
2370 3690 2513 3761 qua
2598 3690 2706 3762 pa-

684 3940 692 3946 ’
815 3952 903 4029 (1)
965 3949 1053 4008 Cf.
1101 3948 1254 4011 Diss.
1313 3949 1438 4008 Jur.
1500 3950 1859 4026 Kniphorst‚
1917 3951 2104 4027 Lugd.
2164 3952 2295 4011 Bat.
2370 3954 2559 4025 1838,
2626 3956 2717 4014 ad.

689 4065 820 4124 pag.
871 4047 966 4102 35.

2882 3366 2884 3423 !

2882 3424 2884 3445 Ι

2881 3452 2884 3507 !
