2934 5102
924 1129 1415 1202 CAPUT
1511 1130 1600 1201 V.

532 1363 633 1407 ΒΕ
709 1361 1474 1409 HYPOTHECARUM
1545 1362 1981 1409 cnsTonE.

945 1700 1427 1759 SEGTIO
1510 1702 1562 1759 Ι.

583 1910 668 1949 m:
707 1899 1229 1949 nYPomECAmm
1268 1909 1551 1949 cus-rom:
1589 1909 1905 1950 umvssnsn
1921 1936 1938 1959 ‚

806 2018 886 2057 m·
926 2017 1012 2057 m:
1052 2017 1135 2057 ns
1177 2016 1347 2059 Qun:
1386 2016 1714 2057 cns‘rom‘r.

1184 2187 1342 2285 §1.

382 2396 809 2468 Accedimus
880 2394 968 2465 ad
1024 2398 1507 2489 magistratum
1565 2397 1817 2489 illum,
1890 2401 2095 2492 cujus
2154 2424 2272 2471 no-

212 2547 399 2594 men
461 2525 607 2615 jam
678 2522 841 2592 satis
896 2522 1357 2616 praecipuum
1405 2524 1558 2614 ejus
1603 2522 1914 2594 officium
1963 2523 2269 2614 indicat,

214 2647 431 2743 apud
476 2671 600 2718 nos
647 2649 831 2717 enim
878 2659 1170 2717 vocatur
1194 2646 1987 2740 Hypotheek-bewaarder
2010 2701 2031 2737 ‚
2081 2649 2274 2742 apud

212 2771 482 2844 Gallos
558 2771 1037 2843 Conservateur
1107 2772 1219 2842 des
1293 2771 1763 2868 Hypothe'eques
1787 2799 1815 2852 ,·
1888 2783 2272 2867 utrumque

213 2921 490 2967 nomen
532 2899 762 2967 statim
812 2896 1113 2966 ostendit
1159 2895 1608 2966 conservandi
1659 2908 1782 2967 aut
1835 2896 2271 2968 custodiendi

213 3031 493 3094 munus
540 3022 601 3091 ei
645 3044 791 3092 esse
836 3021 1234 3114 impositum
1262 3074 1281 3110 ,
1357 3031 1664 3111 attamen
1735 3022 1942 3117 plane
1987 3024 2058 3091 in
2107 3046 2270 3092 eum

214 3147 600 3220 convenire
634 3145 771 3215 diei
816 3147 1081 3239 nequit.
1184 3137 1618 3239 Reputanizes
1665 3148 1848 3216 enim
1896 3146 2068 3240 quid
2112 3171 2270 3240 pro·

212 3271 387 3368 prie
434 3272 520 3340 sit
567 3269 979 3364 Hypotheca
1030 3265 1146 3364 (1)
1174 3321 1193 3358 ‚
1257 3271 1586 3339 continuo
1637 3269 2266 3340 animadvertemus

213 3394 523 3467 neminis
593 3418 739 3465 esse
806 3392 1154 3464 custodire
1198 3395 1317 3485 jus
1365 3392 1722 3487 quoddam
1747 3446 1768 3483 ‚
1839 3393 1960 3462 sed
2009 3417 2263 3464 nomen

212 3517 677 3593 referendum
703 3541 849 3588 esse
870 3516 960 3586 ad
994 3516 1415 3587 documenta
1450 3517 1662 3609 hujus
1685 3519 1863 3609 juris
1889 3571 1910 3607 ‚
1958 3523 2264 3613 quorum

214 3667 507 3718 summo
545 3647 707 3736 jure
753 3642 1209 3738 depositarius
1263 3653 1386 3712 aut
1435 3652 1668 3712 eustos
1727 3642 2064 3713 dicendus
2135 3656 2260 3714 est.

356 3946 447 4024 (1)
506 3945 593 4003 Cf.
642 3953 747 4004 art.
805 3947 953 4003 1208
990 3943 1054 4002 C.
1088 3943 1152 4002 C.
1186 3945 1287 4022 qui
1322 3945 1406 4002 sic
1440 3944 1639 4002 audit:
1702 3971 1730 3997 n
1752 3944 2176 4024 Ondefzetting
2209 3948 2280 4006 of

221 4070 255 4098 a
279 4037 653 4117 Hypotheek
704 4038 756 4096 is
807 4056 911 4095 een
964 4036 1212 4112 zakelijk
1260 4045 1390 4114 regt
1440 4057 1516 4116 op
1561 4039 1915 4097 onroerende
1947 4042 2232 4118 goederen
2253 4085 2270 4110 ‚

220 4163 255 4194 u
283 4130 681 4203 strekkende,
732 4139 839 4190 ete.
876 4131 1019 4190 ete.”
1118 4153 1125 4162 ·

1738 4235 1784 4304 6
1809 4237 1850 4278 *-
