2934 5102
733 1528 1811 1619 lwvnonuctlo.

1023 1778 1529 1834 &gozo-ae>—

404 1979 489 2047 In
569 1977 768 2046 variis
851 1973 1368 2068 magistratibus
1459 1971 1717 2066 quibus
1807 1971 2040 2066 aliqua
2130 1997 2290 2067 pars

261 2102 692 2199 reipublicae
772 2100 978 2188 bene,
1069 2095 1551 2196 procurandae
1648 2099 2007 2169 commissa
2122 2110 2284 2187 est,

263 2239 433 2301 sunt
526 2229 649 2322 qui
741 2237 1018 2321 praeter
1109 2225 1413 2295 muneris
1510 2223 1703 2317 quod
1798 2235 2049 2316 gerunt
2146 2225 2292 2295 offi-

260 2356 372 2424 cia
397 2407 417 2444 ,
519 2354 730 2424 etiam
810 2352 1216 2422 necessitate
1311 2349 1684 2421 nonnullas
1778 2373 1887 2421 res
1982 2349 2293 2444 deposito

262 2477 568 2550 habendi
618 2487 964 2547 tenentur.
1063 2473 1583 2569 Argumentum
1632 2473 2031 2570 disputandi
2078 2475 2295 2545 utilis·

263 2607 523 2676 simum
589 2602 759 2673 mihi
829 2603 1057 2671 visum
1127 2612 1231 2672 est
1255 2653 1276 2691 ,
1349 2601 1697 2693 inquirere
1765 2610 2113 2694 quatenus
2165 2602 2295 2669 sin-

266 2730 514 2823 gulare
584 2728 802 2799 hocce
849 2726 1158 2797 officium
1207 2725 1458 2795 horum
1506 2725 2041 2817 magistratuum
2068 2777 2087 2815 ,
2138 2749 2298 2796 con-

267 2856 500 2926 veniat
581 2878 746 2924 eum
828 2851 1248 2946 obligatione
1332 2873 1546 2944 quam
1617 2850 2073 2945 depositarius
2143 2875 2301 2923 con-

217 3056 220 3059 ,
274 2978 489 3049 trahit
559 2979 614 3046 is
641 3030 661 3067 ‚
734 2974 822 3047 de
893 2998 1036 3069 quo
1104 2977 1175 3043 in
1250 2974 1459 3046 titulo
1530 2974 1699 3046 Cod.
1756 2974 1900 3047 Civ.
1961 2976 2052 3047 de
2097 2976 2303 3071 depo·

272 3105 407 3174 sito
476 3104 726 3195 agitur.

426 3229 679 3323 Itaque
749 3228 917 3297 mihi
986 3229 1422 3323 propositum
1490 3239 1594 3299 est
1620 3281 1641 3318 ‚
1691 3226 1780 3298 de
1827 3229 1905 3298 iis
1954 3230 2306 3322 magistra-

280 3354 474 3425 tibus
542 3376 746 3447 agere
770 3406 790 3444 ,
864 3354 988 3447 qui
1056 3350 1443 3449 depositarii
1504 3351 1639 3423 dici
1685 3354 1949 3447 possint
1971 3406 1991 3443 ‚
2041 3354 2309 3447 quique

282 3502 522 3551 omnes
598 3480 876 3549 nomine
945 3478 1493 3573 depositariorum
1542 3477 1959 3572 publicorum
2001 3501 2310 3573 compre-

284 3603 699 3675 henduntur
723 3656 743 3694 ,
826 3604 991 3675 licet
1068 3606 1373 3675 muneris
1459 3626 1703 3674 eorum
1788 3602 2013 3675 officia
2102 3605 2312 3677 latius

285 3731 496 3801 etiam
569 3740 875 3824 pateant.
977 3728 1081 3798 De
1131 3731 1234 3798 via
1261 3782 1281 3818 ‚
1355 3753 1567 3823 quam
1630 3730 1701 3797 in
1748 3728 2168 3825 disputando
2216 3756 2317 3803 se-

241 3954 248 3959 ·
287 3867 498 3928 cutus
557 3878 711 3925 sum
739 3907 759 3944 ‚
818 3856 1233 3950 paucissima
1281 3854 1625 3926 monenda
1674 3867 1860 3926 sunt.
1960 3855 2063 3925 Ex
2114 3881 2318 3951 opus-

289 3981 435 4053 culi
507 3982 694 4062 enim
767 3992 1147 4076 conspectu
1195 3981 1358 4051 satis
1404 3992 1601 4074 patet
1624 4033 1644 4071 ,
1716 4004 1829 4052 me
1854 4035 1875 4072 ‚
1945 3994 2317 4077 postquam

292 4105 382 4177 de
470 4105 900 4200 depositariis
981 4105 1282 4199 publicis
1369 4107 1683 4177 universe
1760 4109 2097 4180 nonnulla
2178 4134 2318 4181 mo·
