2934 5102
1778 628 1875 701 54

809 861 952 932 quo
1028 814 1330 908 Praesidi
1411 836 1779 907 tribunalis
1857 838 2259 931 impositum
2340 849 2445 907 est
2531 835 2788 906 officium

813 961 1104 1032 testibus
1130 1013 1153 1050 ‚
1223 960 1314 1030 ab
1386 963 1466 1031 iis
1538 962 1940 1031 testimoniis
2012 963 2313 1055 acceptis
2336 1013 2359 1050 ‚
2434 957 2789 1030 ostendendi

811 1087 1040 1156 omnia
1062 1137 1084 1173 ,
1157 1107 1339 1178 quae
1410 1086 1763 1178 attingunt
1830 1085 2213 1171 delictum3
2260 1085 2395 1154 hoc
2441 1083 2528 1153 fit
2571 1085 2636 1151 in
2674 1105 2787 1175 per·

808 1208 1171 1279 tractanda
1253 1231 1493 1277 caussa
1516 1260 1538 1296 ,
1621 1208 1811 1302 apud
1890 1209 2193 1299 cujusvis
2276 1209 2542 1299 generis
2622 1205 2788 1274 tribu·

807 1332 972 1422 nal,
1049 1330 1139 1401 cf.
1211 1343 1340 1399 art.
1413 1327 1559 1400 228
1623 1344 1695 1402 et
1742 1345 1871 1402 art.
1920 1330 2067 1400 255
2116 1331 2193 1401 C.
2241 1331 2331 1402 de
2378 1330 2597 1400 meth.
2641 1351 2787 1423 proc.

809 1457 882 1524 in
953 1455 1031 1524 C.
1103 1455 1180 1524 C.
2632 1477 2639 1486 ³

954 1579 1162 1648 Alter
1231 1578 1569 1648 articulus
1642 1581 1765 1673 qui
1810 1580 2092 1672 respicit
2139 1578 2614 1648 liberationem
2658 1573 2787 1646 Gra-

805 1702 1054 1796 phiarii
1122 1702 1213 1772 ab
1284 1702 1537 1772 harum
1607 1725 1841 1771 rerum
1914 1701 2227 1772 custodia
2254 1754 2276 1791 ,
2346 1715 2451 1772 est
2526 1699 2784 1795 ejusdem

807 1827 1061 1897 codicis
1132 1839 1261 1896 art.
1333 1823 1481 1895 216
1552 1829 1677 1919 qui
1744 1828 2077 1919 praecipit
2101 1879 2123 1915 ,
2194 1826 2476 1920 quando
2522 1826 2678 1894 haec
2714 1823 2785 1890 in-

805 1963 1189 2020 strumenta
1216 2002 1236 2039 ‚
1285 1973 1538 2043 nempe
1610 1949 1793 2018 bona
1867 1948 2056 2019 furto
2104 1949 2391 2044 abrepta
2418 2003 2438 2040 ,
2492 1962 2561 2020 et
2606 1945 2780 2018 omnia

807 2085 1036 2144 cetera
1117 2096 1296 2167 quae
1364 2075 1438 2143 in
1506 2097 1749 2143 caussa
1820 2098 1954 2156 usu
2024 2077 2337 2142 venerint
2406 2073 2500 2142 ad
2564 2070 2783 2143 convin-

809 2195 1061 2266 cendas
1130 2210 1362 2290 partes
1387 2250 1410 2287 ,
1484 2197 1779 2268 dominis
1836 2196 2263 2268 restituenda
2320 2199 2458 2266 sint
2486 2249 2509 2287 ‚
2568 2195 2647 2266 cf.
2688 2201 2780 2260 art.

808 2317 954 2388 502
1000 2319 1284 2389 ibidem.
1785 2300 1790 2305 ⁸

948 2443 1074 2513 His
1129 2442 1438 2513 articulis
1497 2445 1728 2536 agitur
1780 2443 1869 2514 de
1916 2443 2343 2514 deducendis
2390 2445 2564 2514 actis
2606 2453 2669 2513 et
2705 2460 2778 2508 ce·

806 2571 969 2640 teris
1015 2570 1303 2661 negotiis
1351 2592 1435 2638 ex
1486 2569 1719 2639 archio
1766 2569 2133 2639 tribunalis
2147 2621 2169 2658 ,
2223 2581 2294 2638 et
2340 2568 2517 2639 haec
2565 2562 2780 2659 respici·

806 2705 1024 2763 untur
1069 2693 1224 2763 ideo
1272 2694 1344 2761 in
1389 2698 1535 2761 art0
1578 2691 1672 2762 65
1722 2694 1813 2763 al.
1846 2690 1918 2762 2.
1968 2693 2165 2785 Legis
2205 2689 2667 2787 (Reglement)
2687 2684 2779 2757 s.l.

951 2815 1090 2885 Lex
1169 2840 1325 2886 raro
1402 2819 1822 2887 mentionem
1918 2816 2090 2886 facit
2176 2816 2267 2887 de
2360 2819 2535 2886 actis
2620 2812 2780 2883 minu·

811 2948 918 3009 ten
941 2990 964 3026 ‚
1037 2939 1346 3032 reyisters
1417 2964 1498 3010 en
1554 2941 1835 3011 stukken
1902 2964 2032 3011 aaa
2104 2940 2215 3009 het
2282 2939 2570 3033 Colle9ie
2614 2934 2783 3007 behon-

807 3061 1052 3151 rende,
1133 3063 1336 3133 dictis
1360 3116 1381 3153 ‚
1464 3087 1550 3132 ex
1622 3064 1855 3134 archio
1925 3062 2394 3148 deducendis3
2462 3073 2605 3133 art.
2676 3053 2781 3140 63,

808 3197 1042 3256 tamen
1111 3185 1316 3256 docet
1381 3210 1461 3257 ea
1518 3186 1653 3257 sub
1727 3189 1931 3257 certis
2004 3186 2525 3290 cenditionibus
2583 3177 2781 3253 deduci

806 3315 1029 3405 posse.

953 3434 1094 3504 Lex
1164 3435 1455 3527 requirit
1478 3485 1501 3522 ,
1570 3444 1654 3502 ut
1727 3435 2127 3503 universum
2199 3433 2569 3531 tribunalis
2621 3426 2783 3502 colle-

809 3560 1000 3651 gium
1059 3581 1139 3626 ea
1197 3559 1657 3628 instrumenta
1720 3556 2056 3650 inspicere
2115 3557 2351 3650 cupiat
2398 3557 2491 3627 cf.
2538 3568 2657 3626 art.
2698 3546 2783 3619 65.

953 3681 1144 3751 Haec
1215 3693 1447 3751 tamen
1517 3682 1613 3749 ita
1684 3692 1848 3750 sunt
1916 3679 2367 3773 intelligenda
2392 3733 2414 3769 ,
2476 3694 2556 3752 ut
2616 3675 2783 3765 magis

810 3806 984 3875 ratio
1055 3804 1225 3897 legis
1249 3858 1270 3895 ‚
1344 3828 1558 3899 quam
1628 3806 1938 3896 ipsorum
2006 3805 2379 3875 verborum
2428 3800 2785 3899 significatio

810 3928 998 3997 nuda
1024 3980 1046 4017 ,
1116 3930 1205 3997 sit
1273 3927 1746 4013 observanda3
1816 3930 1991 3999 ratio
2060 3929 2230 4022 legis
2304 3943 2410 4001 est
2434 3984 2455 4021 ,
2544 3942 2621 4001 ut
2682 3944 2787 3995 non

809 4054 937 4125 nisi
1006 4064 1348 4144 urguente
1418 4054 1823 4124 necessitate
1844 4104 1867 4142 ‚
1938 4077 2016 4125 ea
2088 4056 2549 4126 instrumenta
2614 4078 2650 4123 c
2694 4068 2789 4119 suo
