2934 5102
510 5080 767 5102 ——2‘
782 5073 1379 5093 ’ῌᾟῌῬ-
1394 5076 1407 5078 “
1499 5076 1670 5083 ——'
1731 5076 1738 5078 “

1719 575 1816 648 96

751 787 1057 857 animum
1084 839 1106 876 ‚
1186 810 1269 856 ac
1348 787 1449 855 rei
1530 797 1964 855 momentum
2051 787 2412 880 postulare
2479 789 2742 860 videtur.

749 910 1241 1004 Quaerendum
1312 913 1524 1004 igitur
1591 922 1696 980 est
1771 909 2056 1004 «qualis
2107 912 2360 1006 culpae
2405 917 2740 1006 praestatio

751 1039 1127 1129 «exigatur
1198 1060 1235 1104 a
1304 1035 1608 1106 Custode
1681 1034 2258 1128 Hypothecarum
2281 1034 2320 1104 ἶ)
2343 1064 2378 1106 »
2429 1039 2516 1106 ad
2561 1036 2740 1132 quam

747 1163 1221 1255 quaestionem
1316 1161 1551 1228 statim
1647 1159 2068 1253 respondere
2173 1185 2534 1254 possemus
2556 1216 2577 1253 ‚
2671 1187 2740 1232 ex

746 1285 1133 1380 praeceptis
1204 1284 1373 1376 legis
1446 1285 1517 1352 in
1591 1289 1731 1353 art⁰
1798 1282 1993 1354 1744
2065 1285 2140 1356 C.
2199 1287 2274 1357 C.
2332 1290 2739 1375 memorati5‚

746 1411 817 1478 ni
884 1421 1185 1480 exstaret
1256 1408 1598 1478 articulus
1671 1410 1742 1479 in
1815 1408 1970 1501 lege
2007 1401 2137 1478 ’26
2187 1434 2282 1479 m.
2331 1415 2500 1504 maji
2545 1409 2737 1499 1841,

746 1533 1108 1630 (Staatshl.
1157 1540 1258 1604 n0.
1308 1531 1437 1628 14)
1465 1586 1485 1622 ,
1559 1535 1681 1626 qui
1755 1536 2235 1628 exceptionem
2304 1539 2585 1628 regulae
2647 1561 2740 1628 ge·

744 1661 996 1731 neralis
1066 1660 1470 1747 constituit,
1543 1660 1808 1752 quique
1875 1660 1974 1728 sic
2049 1660 2290 1730 audit:
2365 1689 2396 1729 «
2426 1663 2563 1733 Het
2602 1659 2739 1753 Rijk

750 1811 783 1854 «
810 1788 913 1875 is,
990 1797 1097 1854 ter
1166 1783 1337 1854 zake
1410 1783 1537 1852 der
1607 1785 1680 1852 in
1756 1782 2110 1877 bewaring
2171 1785 2399 1878 zijnde
2471 1785 2740 1856 stukken

750 1937 783 1978 «
803 1913 1045 2003 Jegens
1117 1909 1207 1980 de
1276 1906 1953 2000 belanghebbenden
2027 1909 2541 2004 aansprakelijk
2601 1933 2741 1979 naar
2847 1985 2849 1988 Α

748 2060 781 2103 «
810 2033 900 2104 de
969 2034 1248 2126 regelen
1321 2032 1417 2126 hij
1493 2044 1622 2101 art.
1697 2029 1892 2101 1745
1945 2055 2050 2103 en
2113 2031 2307 2114 1745
2357 2036 2438 2104 B.
2485 2036 2602 2108 W.
2646 2047 2740 2103 ten

749 2185 781 2228 «
812 2161 1094 2228 aanzien
1162 2181 1295 2226 van
1353 2157 1441 2227 de
1488 2157 1878 2250 vrijwillige
1926 2157 2548 2252 bewaargevingen
2592 2171 2740 2228 vast-

746 2311 777 2352 «
808 2282 1077 2376 gesteld
1103 2309 1134 2350 »
1190 2278 1327 2377 (1).
1428 2281 1582 2352 Hoc
1650 2281 1938 2374 quidem
2009 2283 2307 2353 articulo
2377 2308 2597 2355 sermo
2655 2294 2738 2352 est

743 2407 833 2477 de
899 2408 1047 2501 ipsa
1117 2406 1392 2475 civitate
1418 2459 1437 2494 ‚
1517 2428 1659 2474 non
1726 2429 1892 2477 vero
1961 2406 2050 2477 de
2117 2410 2572 2502 magistratu,
2639 2408 2736 2502 qui

742 2535 895 2627 ejus
967 2531 1191 2602 officia
1264 2529 1583 2625 perficit3
1653 2530 1726 2627 in
1799 2535 1938 2601 art0
1995 2544 2228 2603 tamen
2284 2530 2380 2603 15
2434 2534 2732 2628 legimm,

745 2658 895 2729 «de
988 2656 1423 2755 bewanrders
1517 2678 1650 2725 van
1741 2654 1832 2726 de
1911 2657 2404 2751 hypotheeken
2487 2685 2568 2730 en
2639 2659 2735 2728 het

744 2809 777 2852 «
806 2783 1132 2853 kadaster
1200 2787 1338 2874 zijn
1395 2784 1639 2873 jegens
1711 2780 1833 2850 het
1905 2781 2071 2875 Rijk
2119 2780 2733 2875 verantwoordelijk

742 2934 775 2977 «
804 2931 973 2977 voor
1044 2905 1111 2974 al
1178 2905 1267 2975 de
1312 2905 1570 2975 schade
1619 2905 1845 2976 welke
1893 2907 2066 2977 door
2112 2907 2202 2978 de
2249 2909 2586 2979 schatkist
2627 2930 2733 2977 zon

742 3057 774 3100 «
805 3043 1081 3101 moeten
1154 3028 1431 3100 worden
1499 3031 1798 3124 vergoed
1823 3084 1844 3119 ‚
1918 3043 2027 3101 ter
2094 3030 2268 3102 zake
2339 3057 2475 3102 van
2531 3032 2732 3103 verlic-

742 3179 931 3227 «zen
1000 3156 1105 3224 uit
1178 3153 1554 3224 verkeerde
1621 3154 2087 3248 handelingen
2159 3156 2240 3226 of
2299 3156 2391 3227 de
2449 3161 2587 3229 niet
2639 3178 2731 3225 na·

742 3308 774 3351 «
804 3281 1090 3373 koming
1146 3280 1317 3349 'van
1398 3278 1764 3372 gemaakte
1844 3278 2263 3374 bepalingen
2353 3281 2732 3379 voortsprui·

742 3434 775 3476 «
807 3405 1012 3476 tende
1037 3430 1117 3491 »ς
1211 3404 1324 3473 hic
1406 3402 1742 3474 articulus
1827 3406 2106 3475 omnino
2189 3419 2461 3500 spectat
2541 3410 2730 3503 ipsum

738 3544 1056 3621 nostrum
1127 3528 1702 3624 Hypothecarum
1761 3528 2186 3618 Custodem3
2255 3532 2460 3602 nulla
2533 3544 2729 3603 autem

736 3655 1134 3726 indicantur
1215 3654 1387 3747 legis
1466 3667 1836 3749 praecepta
1924 3657 2029 3726 uti
2106 3657 2180 3725 in
2263 3662 2406 3726 art0
2491 3675 2729 3753 praece·
2843 3672 2845 3747 ξ

860 3969 949 4049 (1)
992 3968 1103 4027 cff.
1159 3969 1608 4029 deliberationes
1642 3970 1716 4030 de
1756 3970 1868 4030 hac
1917 3971 2045 4049 lege
2092 3972 2162 4029 16
2213 3990 2292 4031 m.
2343 3972 2522 4032 Mart.
2577 3971 2727 4037 1841,

736 4064 1027 4125 Ordinum
1078 4061 1465 4120 Generalium.
1827 4106 1832 4111 .
