2934 5102
1667 597 1719 667 2

675 805 824 878 294
892 819 1026 878 cet.
1097 807 1366 879 Codicis
1445 807 1537 878 de
1614 806 1832 876 meth.
1906 831 2098 901 pr00.
2170 808 2241 876 in
2308 807 2384 878 C.
2460 807 2536 876 C.
2606 818 2703 874 ta-

677 934 818 1005 lem
887 931 1361 1003 definitionem
1429 932 1931 1025 postulassent.

823 1055 1270 1150 Quapropter
1338 1069 1501 1125 ante
1572 1058 1799 1126 omnia
1855 1055 2232 1128 videndum
2304 1059 2433 1128 erit
2489 1055 2577 1126 de
2633 1055 2714 1124 iis

680 1205 862 1276 quae
925 1184 997 1250 in
1069 1183 1481 1274 magistratu
1545 1183 2042 1275 requiruntur,
2112 1195 2193 1252 ut
2258 1180 2714 1276 depositarius

681 1306 1011 1401 publicus
1079 1304 1216 1376 dici
1284 1307 1550 1400 possit,
1632 1308 1704 1374 in
1783 1331 1923 1400 qua
1992 1303 2399 1401 quaestione
2466 1303 2716 1397 dijudi-

684 1429 903 1501 canda
986 1431 1212 1524 primo
1302 1430 1458 1500 loco
1551 1431 1623 1500 in
1702 1455 1989 1502 censum
2072 1431 2360 1502 veniunt
2442 1426 2713 1500 articuli

685 1553 874 1645 660,
933 1551 1077 1624 858
1127 1566 1198 1650 et
1243 1554 1358 1624 alii
1410 1554 1681 1626 Codicis
1736 1555 1826 1625 de
1882 1555 2098 1626 meth.
2155 1579 2345 1650 proc.
2395 1556 2468 1624 in
2512 1553 2717 1624 Caus.

571 1720 576 1726 ·
687 1679 887 1751 Civil.

831 1805 919 1874 In
987 1816 1116 1874 art.
1189 1801 1335 1874 660
1390 1761 1821 1899 praecipitur
1870 1829 1910 1874 a
1968 1794 2226 1900 quibus
2296 1816 2367 1875 et
2436 1800 2718 1898 quando

687 1929 1072 2023 obsignatio
1150 1927 1393 2024 perfici
1482 1928 1779 2020 debeat,
1874 1929 2067 2025 quod
2159 1953 2440 2025 quoque
2527 1951 2720 2022 prae-

687 2054 1015 2124 scribitur
1096 2054 1218 2124 ubi
1299 2052 1483 2123 diem
1568 2077 1975 2148 supremum
2060 2054 2308 2125 obierit
2382 2051 2721 2146 deposita-

687 2182 833 2250 rius
858 2233 878 2270 ,
967 2181 1088 2274 qui
1181 2191 1329 2248 erat
1417 2205 1448 2248 «
1472 2179 1791 2274 openbare
1864 2179 2235 2251 bewaarder
2308 2201 2435 2250 van
2506 2175 2722 2270 eeniqe

699 2331 730 2374 <c
757 2304 1025 2376 zaken.»

838 2427 958 2498 ΑΙ.
1037 2425 1114 2496 2·
1199 2428 1559 2498 constituit
1641 2427 2101 2522 obsignandas
2174 2451 2319 2499 esse
2391 2452 2503 2499 eas
2576 2441 2725 2498 tan«

692 2553 1056 2627 tummodo
1114 2576 1225 2625 res
1250 2606 1270 2643 ,
1343 2577 1517 2647 quas
1588 2555 1660 2622 in
1740 2553 2053 2647 deposito
2110 2553 2440 2624 habebat.
2540 2551 2727 2623 Arti-

694 2679 899 2750 culus
969 2690 1282 2773 spectare
1342 2677 1618 2749 videtur
1674 2702 1910 2749 omnes
1935 2730 1954 2768 ,
2025 2680 2147 2773 qui
2207 2678 2497 2773 publica
2569 2703 2728 2748 auc-

696 2808 976 2877 toritate
1041 2827 1332 2874 munere
1399 2802 1741 2897 praediti,
1802 2805 1869 2871 vi
1938 2804 2244 2873 muneris
2302 2802 2567 2874 debent
2620 2827 2728 2873 res

696 2929 1081 3016 custodire3
1149 2928 1575 3001 vocabulum
1651 2927 2065 3023 «openbaar»
2144 2927 2515 2998 discrimen
2584 2940 2729 2997 tan·

697 3068 854 3125 tum
923 3053 1181 3124 indicat
1251 3054 1432 3123 inter
1501 3052 1627 3123 hos
1652 3105 1673 3142 ‚
1734 3064 1806 3123 ct
1862 3051 2310 3146 depositarios
2334 3104 2357 3143 ‚
2414 3055 2539 3147 qui
2591 3076 2730 3123 non

698 3204 782 3251 ex
857 3202 1145 3249 munere
1214 3202 1362 3249 sese
1429 3176 1939 3271 obligaverunt.

844 3304 972 3374 Vir
1040 3303 1355 3375 Consult.
1421 3327 1721 3373 cunnum
1788 3304 1859 3373 in
1929 3326 2139 3396 opere
2206 3326 2348 3397 quo
2408 3302 2729 3375 Codicem

566 3508 583 3524 ·
698 3430 789 3501 de
857 3452 934 3499 re
993 3427 1360 3522 judiciaria
1421 3427 1775 3517 illustrat,
1837 3426 2011 3499 duos
2068 3441 2344 3499 tantum
2384 3431 2735 3523 magistra-

701 3568 816 3625 tus
890 3558 1028 3624 art0
1098 3550 1244 3623 660
1315 3553 1392 3623 C.
1463 3551 1555 3622 de
1625 3552 1838 3622 Meth.
1910 3576 2103 3647 proc.
2162 3555 2235 3623 in
2294 3554 2530 3623 Causs,
2592 3554 2733 3625 civ.

702 3679 998 3773 spectari
1073 3680 1442 3774 opinatur3
1494 3677 1615 3747 sed
1679 3678 1917 3771 plures
1974 3679 2334 3748 nominare
2399 3680 2735 3771 potuisset

701 3825 913 3898 quam
995 3802 1466 3873 Tabellionem
1550 3814 1622 3873 et
1706 3826 1868 3873 eum
1954 3804 2436 3896 magistratum
2526 3826 2734 3897 quem

702 3952 829 3999 nos
929 3937 1282 4021 ontvanyer
1379 3930 1736 3998 nominare
1816 3926 2142 3999 solemus.
2290 3927 2735 4020 Singulorum

705 4066 938 4125 autem
1011 4054 1133 4147 qui
1189 4076 1302 4121 me
1371 4050 1655 4146 quidem
1722 4051 1965 4145 judice
2034 4050 2329 4123 articulo
2401 4076 2484 4123 eo
2554 4076 2736 4123 com·
