2934 5102
1652 608 1794 681 128

708 834 823 893 cat
892 834 963 892 et
1008 820 1273 891 deferat
1318 820 1407 890 ad
1454 820 1821 891 officialem
1869 821 2238 915 publicum
2264 875 2284 912 ,
2363 833 2443 891 ut
2493 845 2723 891 caussa

708 950 781 1017 in
850 946 999 1017 foro
1045 959 1169 1015 aut
1220 946 1585 1016 tribunalis
1635 945 2038 1017 Dioeceseos
2093 960 2216 1017 aut
2273 946 2520 1017 Curiae
2577 970 2726 1039 aga·

712 1084 850 1143 tur.
971 1071 1125 1142 Hoc
1196 1073 1409 1164 igitur
1460 1072 1854 1164 periculum
1911 1073 2008 1140 ita
2065 1084 2390 1142 avertunt
2417 1124 2436 1161 ‚
2501 1082 2580 1140 ut
2641 1094 2724 1139 ex

706 1198 1018 1291 pecuniis
1087 1198 1519 1290 privatorum
1588 1195 2099 1290 quorumdam,
2183 1221 2263 1266 ea
2341 1220 2522 1291 quae
2592 1194 2730 1265 dis-

710 1333 1117 1409 traxerunt,
1176 1322 1230 1390 si
1290 1319 1441 1389 fieri
1514 1332 1792 1413 potest,
1863 1322 2256 1391 restituant.
2357 1321 2424 1389 Si
2503 1332 2728 1389 tamen

710 1447 962 1516 certior
1028 1444 1113 1514 fit
1181 1446 1490 1515 minister
1561 1447 1682 1538 qui
1737 1447 1836 1515 rei
1891 1447 2331 1539 pecuniariae
2400 1444 2728 1539 publicae

708 1573 981 1665 praeest
1008 1623 1028 1660 ,
1161 1572 1641 1663 magistratum
1749 1569 1887 1640 tale
1981 1594 2271 1640 munere
2364 1558 2493 1640 suo
2587 1592 2730 1639 esse

711 1695 1033 1766 functum
1060 1748 1081 1785 ‚
1139 1719 1267 1791 pro
1328 1707 1638 1791 tempore
1695 1707 1820 1765 aut
1866 1697 1937 1764 in
1985 1707 2408 1790 perpetuum
2456 1694 2560 1765 illi
2609 1693 2734 1763 ad-

710 1822 1277 1891 ministrationem
1339 1820 1705 1890 interdicet
1726 1873 1747 1910 ,
1833 1822 2147 1914 quamvis
2205 1844 2447 1890 caussa
2520 1843 2734 1913 quare

710 1970 933 2041 poena
982 1944 1337 2039 infligatur
1383 1969 1524 2015 non
1571 1945 1868 2038 amplius
1901 1958 2148 2015 exstat.
2235 1944 2542 2016 Articuli
2592 1942 2736 2014 169

712 2085 785 2143 et
857 2096 1050 2167 seqq.
1124 2072 1199 2142 C.
1271 2072 1349 2141 P.
1420 2072 1800 2165 respiciunt
1867 2069 2208 2141 delictum
2276 2073 2738 2165 praecipuum

712 2199 1133 2269 Exactorum
1157 2249 1178 2287 ‚
1237 2198 1360 2291 qui
1418 2196 1752 2290 dissipant
1811 2207 1934 2265 aut
1984 2195 2174 2266 furto
2220 2194 2577 2291 abripiunt
2623 2219 2741 2289 pe-

714 2323 951 2393 cunias
1010 2346 1183 2415 quas
1238 2319 1524 2415 publice
1583 2319 1930 2391 custodire
1987 2319 2294 2407 debent3
2353 2344 2740 2391 memoran-

717 2459 836 2517 tur
884 2447 1090 2516 etiam
1138 2444 1270 2515 alia
1317 2443 1573 2532 delicta
1625 2446 1808 2515 circa
1854 2444 2162 2538 deposita
2190 2498 2211 2536 ,
2275 2457 2352 2515 ut
2402 2452 2543 2515 art0
2591 2442 2741 2515 254

716 2574 792 2644 C.
856 2573 933 2642 P.
991 2571 1406 2665 negligentia
1464 2583 1536 2642 et
1590 2572 1662 2640 in
1721 2577 1860 2640 art0
1914 2569 2059 2640 255
2118 2571 2384 2641 malum
2430 2573 2741 2668 proposi·

717 2711 870 2769 tum
915 2699 986 2766 in
1034 2695 1470 2768 destruendis
1519 2699 1688 2766 actis
1745 2708 1866 2766 aut
1912 2698 2385 2767 instrumentis
2433 2719 2740 2791 quorum

714 2822 1047 2918 publicus
1094 2821 1549 2916 depositarius
1598 2820 1931 2891 dicendus
1975 2833 2103 2892 est.
2204 2821 2432 2892 Poena
2489 2825 2742 2916 magis-

716 2946 1015 3016 tratibus
1087 2945 1456 3038 infligenda
1486 2997 1508 3034 ,
1579 2947 1703 3039 qui
1760 2969 1884 3016 sua
1943 2945 2359 3039 negligentia
2417 2957 2743 3018 auctores

712 3071 1003 3142 fuerunt
1059 3081 1141 3140 ut
1199 3069 1720 3140 destruerentur
1799 3082 1922 3140 aut
1993 3069 2490 3163 dissiparentur
2537 3084 2700 3142 acta
2723 3125 2744 3162 ,

714 3199 1002 3292 registra
1060 3207 1131 3267 et
1192 3195 1363 3266 aliae
1409 3220 1518 3266 res
1545 3248 1564 3285 ‚
1615 3208 2034 3266 memoratae
2081 3198 2153 3265 in
2200 3201 2339 3265 art0
2387 3193 2535 3265 254
2582 3221 2641 3266 s.
2694 3196 2744 3266 l.

718 3335 822 3394 est
871 3323 1161 3393 carceris
1218 3344 1342 3414 per
1399 3333 1538 3391 tres
1597 3321 1685 3390 ad
1746 3321 2140 3415 quindecim
2201 3345 2426 3415 usque
2475 3346 2696 3392 annos
2723 3375 2743 3411 ,

708 3433 790 3519 'et
845 3458 1199 3541 praeterea
1257 3445 1524 3516 mulcta
1581 3457 1863 3515 centum
1921 3446 2009 3515 ad
2067 3459 2484 3517 trecentum·
2517 3471 2749 3541 usque

720 3573 1139 3644 francorum.
1238 3571 1308 3640 Si
1362 3571 1817 3664 depositarius
1872 3573 2019 3665 ipse
2076 3573 2336 3641 crimen
2385 3571 2753 3642 destruen-

719 3699 793 3768 di
858 3697 1283 3792 perpetravit
1338 3695 1736 3790 puniendus
1789 3709 1894 3766 est
1953 3695 2338 3766 secundum
2385 3707 2546 3766 art¹¹¹
2595 3695 2753 3768 255

718 3845 847 3919 per
899 3843 1194 3915 poenam
1252 3821 1478 3914 operis
1536 3822 1974 3916 temporarii,
2035 3845 2162 3915 pro
2223 3846 2366 3915 qua
2426 3822 2598 3915 legis
2647 3820 2755 3893 15

720 3973 813 4017 m.
874 3947 1041 4017 Dec.
1101 3943 1296 4016 1815
1346 3951 1486 4015 art0
1536 3943 1627 4016 11
1656 3999 1676 4037 ,
1731 3945 1864 4016 alia
1915 3967 2137 4040 poena
2184 3945 2563 4018 substituta
2615 3960 2754 4018 est.

864 4073 1079 4144 Porro
1146 4070 1648 4141 attendendum
1721 4082 1827 4141 est
1885 4069 1976 4140 ad
2033 4083 2162 4141 art.
2222 4068 2368 4141 166
2423 4071 2499 4142 C.
2545 4071 2630 4142 P.
2679 4087 2760 4144 et
