2934 5102
1622 598 1722 672 24

658 831 969 880 ronan-:n
995 861 1018 900 ‚
1115 807 1308 880 Tom.
1393 803 1436 880 1
1536 833 1694 903 pag.
1780 807 1949 880 220.
2074 812 2261 882 «Les
2340 812 2697 883 individus

660 958 696 1002 11
720 945 1122 1028 composent
1200 935 1301 1004 les
1379 933 1675 1004 samilles
1698 986 1721 1024 ,
1804 946 1875 1004 et
1948 935 2049 1004 les
2126 935 2422 1007 familles
2502 960 2699 1007 eom-

657 1071 964 1152 «posent
1030 1059 1278 1148 l’etat,
1351 1061 1474 1153 qui
1524 1071 1645 1130 est
1716 1059 1783 1128 la
1844 1059 2103 1153 grande
2162 1059 2427 1131 samille
2475 1085 2566 1132 ou
2616 1061 2687 1130 la

657 1185 1006 1258 «reunion
1076 1183 1164 1254 de
1236 1195 1466 1254 toutes
1538 1183 1639 1254 les
1713 1183 2030 1254 familles.
2138 1185 2455 1280 Chaque'
2514 1176 2687 1256 indi-

656 1333 688 1375 «
715 1307 884 1377 vidu
949 1308 1420 1401 n'appartient
1498 1305 1681 1377 done
1758 1330 1881 1401 pas
1965 1310 2417 1403 uniquement
2497 1317 2535 1380 ὰ
2606 1335 2685 1380 sa

657 1459 686 1501 «
717 1431 1024 1522 famine,
1097 1431 1147 1500 il
1221 1434 1615 1526 appartient
1686 1434 1869 1502 aussi
1940 1439 1979 1503 εἰ
2050 1434 2317 1504 Petet.»
2590 1490 2601 1496 -

798 1555 908 1626 Sic
979 1558 1403 1650 quoque„,in
1476 1555 1549 1626 ff.
1618 1556 1697 1626 L.
1770 1553 1813 1626 1
1888 1557 1923 1653 ᾗ
1995 1555 2091 1627 15
2160 1559 2251 1630 de
2320 1571 2543 1629 ventr.
2612 1560 2691 1628 in

650 1704 830 1776 poss·
905 1681 1272 1752 mittend.:
2511 1721 2517 1726 -

797 1807 1009 1878 «Non
1109 1819 1385 1878 tantum
1474 1809 1744 1902 parenti
1837 1810 2041 1901 cujus
2136 1833 2283 1880 esse
2383 1810 2637 1880 dic-itur
2662 1863 2691 1900 ‚

654 1955 957 2002 «verum
1025 1933 1234 2002 etiam
1309 1932 1738 2026 reipublicae
1808 1935 2133 2004 nascitur.

795 2057 1048 2127 Civitas
1131 2069 1365 2143 tamen
1439 2060 1589 2150 jam
1668 2069 1994 2128 contenta
2074 2071 2222 2149 est,
2304 2062 2360 2130 si
2440 2061 2513 2130 in
2584 2085 2693 2130 sa-

651 2183 885 2261 lutem,
935 2183 1526 2276 ,uniuscujusque
1619 2183 2051 2274 incolarum,
2148 2196 2219 2254 et
2300 2186 2395 2254 ita
2474 2187 2693 2280 ipsius

651 2307 944 2378 civitatis
969 2360 989 2396 ,
1059 2309 1116 2376 is
1140 2360 1161 2396 ‚
1231 2309 1353 2400 qui
1443 2307 1939 2378 detrimentum
2020 2309 2259 2378 attulit
2336 2311 2637 2404 registris
2668 2364 2695 2401 ,

651 2455 908 2528 poenas
1001 2430 1290 2501 dederit.
1434 2431 1765 2502 Tribunal
1790 2485 1810 2522 ,
1903 2433 2096 2527 apud
2165 2434 2386 2528 quod.
2420 2435 2693 2528 judica-

652 2572 772 2630 tur
795 2613 816 2649 ‚
894 2558 1149 2652 jubere
1238 2534 1533 2653 poterit
1588 2560 2090 2652 reparationem
2160 2584 2437 2653 eorum,
2507 2586 2694 2656 quae

654 2695 818 2755 sunt
865 2683 1227 2754 ‘deteriora
1299 2683 1503 2753 faeta.

803 2809 894 2878 Et
963 2810 1096 2877 alia
1165 2808 1388 2878 officia
1454 2808 2025 2901 praescribuntur
2089 2811 2161 2879 in
2235 2810 2387 2905 lege
2468 2812 2513 2881 9
2592 2838 2691 2883 m.

657 2933 828 3005 Julii
899 2957 1056 3001 ann.
1120 2929 1348 3023 1842,
1421 2933 1544 3003 sed
1614 2956 1695 3003 ea
1766 2936 1994 3007 omnia
2068 2960 2307 3006 casum
2372 2950 2693 3034 spectant

656 3081 803 3152 quo
875 3055 1186 3127 Tabellio
1259 3070 1382 3127 aut
1449 3071 1771 3130 mortuus
1797 3112 1816 3149 ‚
1890 3072 2013 3130 aut
2082 3074 2355 3133 amotus
2423 3076 2530 3133 est
2584 3087 2690 3132 ex

659 3182 991 3271 munere,
1112 3192 1234 3250 aut
1341 3182 1408 3251 in
1518 3182 1651 3253 alia
1752 3186 2045 3277 regionis
2145 3199 2345 3280 parte
2449 3188 2695 3258 Tabel-

663 3309 756 3380 lio
851 3318 1122 3378 creatus
1217 3317 1366 3391 estt,
1467 3319 1636 3376 tunc
1729 3320 1885 3377 aeta
1985 3321 2117 3381 ete.
2217 3310 2691 3383 transferenda

661 3445 827 3504 sunt
900 3435 971 3502 in
1041 3430 1298 3521 'aedeS‚
1386 3433 1458 3500 in·
1548 3431 1806 3526 quibus
1886 3434 2253 3504 tribunalis
2334 3458 2697 3509 consessus

659 3557 1012 3629 hahentur
1033 3608 1055 3645 ,
1103 3567 1186 3625 *et
1244 3554 1550 3626 officium
1604 3556 2038 3627 custodiendi
2094 3583 2173 3629 ea
2233 3561 2693 3633 instrumenta

660 3683 818 3775 lege
885 3681 1198 3751 defertur
1266 3680 1356 3749 ad
1413 3679 1897 3751 -Tabellionem
1953 3685 2264 3776 proxime
2330 3699 2639 3756 creatum
2672 3742 2693 3777 ,

659 3809 775 3878 cui
821 3806 1074 3879 eadem.
1110 3807 1242 3876 hac
1297 3808 1368 3875 in
1426 3828 1503 3875 re
1568 3818 1733 3875 sunt
1795 3807 2221 3879 observanda
2244 3862 2265 3899 ‚
2334 3835 2515 3904 quae
2571 3813 2697 3881 Ta-

657 3931 944 4005 bellioni
1027 3933 1360 4008 universe,
1421 3932 1843 4025 praescripta
1926 3945 2113 4002 sunt.
2198 3934 2291 4003 cs.
2384 3948 2516 4005 art.
2594 3935 2695 4006 69

659 4058 827 4151 legis
921 4058 1010 4127 de
1102 4080 1295 4126 mun.
1390 4056 1573 4150 Τε11).Ι
1691 4057 2305 4151 Animadversione
2400 4062 2693 4157 dignum
