2934 5102
1243 598 1292 670 9

394 809 622 879 Tertio
679 808 834 879 loco
889 789 1334 878 nominantur
1397 806 1789 902 Repertoria
1854 807 1943 878 de
2010 808 2273 902 quibus

249 939 388 1008 art0
437 931 556 1003 47.
604 933 772 1026 legis
820 958 874 1003 S.
924 933 974 1002 l.
1022 917 1270 1025 agitur.

396 1059 858 1152 Praecipuum
911 1058 1370 1150 repertorium
1429 1069 1535 1127 est
1590 1056 1772 1127 illud
1798 1109 1819 1147 ,
1891 1080 2034 1151 quo
2106 1081 2277 1152 quo·

252 1183 419 1253 tidie
491 1182 866 1252 adnotatur
943 1205 1284 1276 quaenam
1361 1193 1514 1252 acta
1594 1184 1731 1252 sint
1800 1193 2079 1276 recepta
2153 1192 2277 1252 aut

254 1307 436 1378 edita
463 1359 484 1396 ‚
557 1319 628 1377 et
696 1329 1164 1400 quorumnam
1245 1307 1640 1401 apographa
1720 1319 1843 1377 aut
1912 1318 2279 1402 excerptae

257 1433 507 1502 tradita
576 1443 764 1501 sunt.

399 1558 559 1625 Art.
623 1553 718 1626 48
789 1552 982 1625 aliud
1051 1557 1258 1627 etiam
1338 1557 1798 1649 repertorium
1876 1555 2280 1628 habendum

255 1705 402 1752 esse
461 1681 719 1751 indicat
743 1733 763 1770 ‚
823 1704 1073 1774 nempe
1129 1681 1442 1749 omnium
1500 1691 1785 1750 actuum
1840 1704 1967 1773 per
2020 1705 2280 1752 annum

256 1831 296 1875 a
365 1805 767 1876 Tabellione
842 1804 1358 1898 perfectorum3
1437 1803 1573 1874 hoc
1650 1803 2089 1897 duplicatum
2164 1805 2287 1875 ha·

257 1930 568 2000 bendum
651 1941 795 2017 est,
879 1941 960 1998 ut
1047 1928 1349 1999 alterum
1434 1929 1791 2024 exemplar
1862 1931 1934 1998 in
2010 1941 2282 2000 certum

259 2055 496 2124 locum
569 2052 958 2122 Tribunalis
1025 2051 1413 2140 referatur3
1481 2053 1653 2123 haec
1694 2065 1858 2123 sunt
1906 2055 2283 2148 repertoria

259 2178 351 2248 de
421 2201 721 2270 quorum
793 2177 1105 2247 custodia
1163 2189 1292 2247 art.
1342 2174 1433 2246 61
1483 2177 1680 2270 Legis
1727 2203 1781 2249 s.
1829 2178 1876 2247 1.
1924 2180 2283 2273 praecipit.

409 2300 544 2370 Sed
611 2300 782 2394 quid
852 2299 1160 2372 Tabellio
1216 2300 1564 2372 custodiat
1620 2325 2029 2396 exponens,
2084 2303 2287 2373 aliter

257 2450 399 2498 non
484 2449 766 2521 possum
858 2427 1028 2519 quin
1116 2429 1591 2520 quaestionem
1688 2450 2045 2497 moveam.
2146 2429 2289 2499 cui·

259 2576 418 2621 nam
513 2551 898 2623 dominium
989 2551 1078 2619 sit
1159 2574 1369 2644 supra
1451 2550 1800 2620 dictorum
1876 2551 2287 2621 instrumen-

265 2689 492 2748 torum
519 2675 558 2744 ‘l

411 2801 608 2872 Duae
669 2800 1023 2894 opiniones
1083 2798 1216 2870 bac
1271 2798 1360 2869 de
1404 2824 1482 2870 re
1530 2798 1761 2871 valere
1803 2814 2094 2895 possunt
2119 2854 2140 2893 ,
2192 2803 2291 2872 al-

263 2938 413 2997 tera
463 2949 645 3019 quae
680 2923 1096 3014 Tabellioni‚
1145 2924 1361 2995 altera
1397 2948 1580 3019 quae
1612 2926 1869 2995 civitati
1904 2927 2288 2998 dominium

266 3050 538 3120 tribuit.
631 3049 896 3120 Ultima
957 3050 1186 3144 opinio
1238 3048 1408 3124 mihi
1463 3074 1622 3120 vera
1669 3050 1945 3121 videtur
1990 3076 2073 3129 ex
2122 3051 2292 3145 legis

267 3186 544 3244 nostrae
600 3174 1205 3260 constitutionibus
1230 3227 1250 3264 ‚
1311 3198 1495 3268 quae
1538 3173 1797 3267 jubent
1846 3188 2125 3248 mortuo
2170 3176 2293 3245 Ta·

255 3299 573 3371 cbellione
631 3299 917 3391 registra
969 3311 1374 3392 ceterosque
1429 3310 1627 3368 actus
1685 3298 1774 3368 ad
1830 3301 2087 3369 mortui
2140 3324 2295 3370 suc·

269 3447 607 3495 cessorem
665 3422 1172 3493 transferendos
1233 3446 1426 3510 esse3
1476 3423 1631 3515 lege
1674 3422 1997 3494 Francica
2044 3424 2293 3493 instru-

269 3560 504 3620 menta
559 3547 910 3618 habentur
963 3570 1110 3618 esse
1157 3558 1311 3617 tum
1359 3548 1429 3615 in
1476 3548 1793 3640 privam,
1848 3557 2001 3616 tum
2049 3549 2120 3617 in
2164 3573 2293 3644 pu·

272 3673 462 3745 blico
514 3673 840 3743 dominio.
939 3673 1186 3743 Nostra
1243 3694 1406 3742 vero
1463 3671 1577 3740 lex
1624 3694 1864 3741 corum
1910 3670 2293 3745 dominium

269 3798 538 3894 publici
593 3821 739 3868 esse
787 3798 973 3890 juris
1022 3798 1289 3866 statuit.
1390 3794 1673 3866 Indoles
1728 3798 2031 3867 muneris
2076 3798 2295 3870 nihilo

271 3926 488 4017 inagis
533 3946 747 4017 quam
797 3920 1078 3991 dominii
1124 3922 1375 4016 privati
1422 3922 1761 4016 principio
1808 3934 1911 3991 est
1956 3925 2292 4017 opposita.

275 4050 670 4120 Dominium
733 4032 960 4138 enim,
1047 4048 1360 4141 quamvis
1417 4054 1491 4118 ut
1532 4046 1655 4141 jus
1710 4048 2041 4120 stalaewndi
2094 4048 2174 4119 de
2224 4071 2297 4121 re
