2934 5102
1647 590 1746 662 94

682 803 842 872 Sine
862 801 1081 873 dubio
1106 801 1678 896 Hypothccarum
1705 802 1954 872 Custos
1975 802 2314 872 dicendus
2335 813 2439 872 est
2461 800 2674 871 houder

680 951 807 1000 van
829 926 1161 1007 mineatem
1188 940 1339 997 acta
1366 928 1547 996 enim
1571 950 1752 1020 quae
1769 929 2070 1019 registris
2096 926 2558 997 inscribuntur
2579 921 2672 1020 (1)

682 1063 847 1122 sunt
890 1051 1240 1143 originalia
1278 1075 1355 1120 ea
1392 1075 1574 1145 quae
1609 1051 1872 1121 habent
1908 1053 2049 1120 vim
2083 1050 2466 1122 authentici
2496 1050 2674 1142 scrip·

686 1178 783 1265 ti,
832 1175 923 1246 cf.
973 1187 1101 1246 art.
1149 1173 1343 1258 1905
1392 1175 1465 1245 C.
1519 1175 1594 1245 C.
1623 1229 1642 1264 ‚
1702 1175 1893 1269 quod
1944 1175 2367 1245 documento
2414 1185 2564 1245 sunt
2601 1173 2674 1240 de

682 1302 763 1370 iis
788 1351 808 1388 ‚
860 1323 1041 1393 quae
1088 1299 1191 1368 his
1238 1302 1407 1370 actis
1457 1301 1901 1370 continentur
1926 1353 1947 1388 ‚
1994 1323 2212 1392 quare
2259 1300 2530 1368 omnino
2569 1309 2673 1365 art.

686 1422 831 1493 859
866 1424 955 1498 C.
1004 1422 1093 1492 de
1140 1424 1356 1493 meth.
1404 1448 1596 1518 proc.
1647 1426 1718 1493 in
1764 1424 1839 1494 C.
1891 1425 2011 1514 C.‚
2085 1424 2292 1493 illum
2351 1425 2545 1494 etiam
2595 1445 2676 1490 re-

686 1550 909 1642 spicit.
1020 1549 1081 1616 E
1122 1548 1407 1642 reliquis
1456 1549 1766 1619 articulis
1813 1551 1933 1642 qui
1985 1560 2301 1642 spectant
2359 1547 2676 1642 Hypothe-

688 1698 927 1744 carum
994 1673 1367 1743 Custodem
1424 1674 1915 1768 depositarium
1972 1673 2342 1768 publicum
2369 1724 2389 1762 ,
2461 1673 2681 1766 praeci·

689 1824 874 1894 puus
922 1810 1024 1868 est
1060 1811 1187 1868 art.
1238 1796 1383 1868 660
1430 1799 1506 1868 C.
1556 1823 1610 1869 s.
1658 1798 1707 1867 l.
1757 1798 1846 1868 de
1895 1799 2370 1891 obsignatione
2415 1797 2681 1867 muneris

691 1947 929 1993 caussa
964 1922 1434 2017 perficiendae,
1485 1947 1568 1992 ex
1604 1923 1816 1993 rebus
1853 1947 2026 2016 quas
2069 1924 2520 2016 depositarius
2563 1944 2685 1990 cus·

692 2048 869 2118 todit
916 2047 1382 2140 obsignandae
1428 2059 1592 2118 sunt
1639 2071 1760 2117 eae
1794 2047 2313 2136 tantummod0‚
2358 2071 2527 2141 quas
2562 2069 2684 2115 cus-

694 2171 872 2242 todit
917 2173 983 2240 vi
1032 2175 1335 2242 muneris
1384 2174 1492 2242 sui
1536 2171 1826 2265 publici.
1921 2171 2386 2241 Memorabilis
2447 2171 2568 2240 hac
2615 2168 2687 2236 de

692 2321 769 2366 re
839 2300 1173 2366 sententia
1246 2296 1387 2366 lata
1453 2309 1557 2366 est
1607 2321 1646 2366 a
1692 2297 1898 2380 Curia
1945 2298 2281 2390 Suprema
2327 2296 2440 2366 die
2481 2293 2574 2365 24
2609 2289 2687 2362 m.

696 2421 1119 2516 Septembris
1190 2419 1383 2491 1852
1407 2475 1428 2510 ‚
1524 2447 1704 2516 quae
1799 2423 1886 2494 de
1957 2425 2362 2516 quaestione
2388 2476 2408 2513 ,
2508 2443 2690 2516 quan-

698 2546 789 2647 do
860 2572 1116 2618 munus
1186 2546 1560 2618 dicendum
1633 2549 1720 2622 sit
1766 2547 2180 2642 publicum:
2259 2550 2532 2641 «magis
2576 2543 2693 2617 offi-

701 2699 733 2741 (ι
760 2675 1025 2743 ciorum
1072 2686 1142 2743 et
1194 2674 1634 2745 functionum
1703 2672 2114 2768 qualitatem
2141 2726 2161 2763 ‚
2220 2698 2429 2768 quam
2497 2675 2696 2766 ipsum

703 2797 1051 2867 «titulum
1101 2799 1461 2889 vulgarem
1535 2822 1682 2867 esse
1753 2798 2263 2868 observandum
2289 2824 2348 2887 ‚»
2424 2817 2696 2891 pronun·

700 2924 915 2992 tiavit.
968 2920 1292 2991 Officium
1328 2924 1854 3015 consignationis
1897 2922 2390 2993 custodiendae
2421 2924 2558 2993 sine
2591 2918 2696 2988 du·

702 3047 819 3116 bio
866 3056 969 3114 est
1016 3045 1321 3115 officium
1371 3048 1742 3141 publicum
1791 3071 2005 3142 quare
2041 3048 2221 3118 mihi
2271 3047 2544 3117 videtur
2579 3044 2699 3136 Hy·

701 3170 1159 3267 pothecarum
1231 3171 1480 3241 Custos
1551 3172 1802 3243 horum
1875 3175 2496 3242 instrumentorum
2518 3225 2539 3260 ‚
2607 3164 2697 3238 eff.

705 3308 865 3366 artt.
916 3292 1055 3364 591
1110 3306 1180 3365 et
1230 3293 1373 3365 506
1418 3296 1494 3365 C.
1545 3297 1654 3386 C.‚
1701 3297 2036 3367 dicendus
2083 3322 2228 3367 esse
2274 3297 2698 3392 depositarius

705 3420 1066 3515 publicu5‚
1111 3421 1299 3491 unde
1322 3423 1668 3514 sequitur,
1727 3432 1808 3492 ut
1856 3423 2062 3491 etiam
2099 3420 2560 3514 obsignandae
2591 3421 2702 3488 sint

708 3568 936 3633 arcae,
981 3545 1239 3637 quibus
1276 3547 1720 3615 continentur
1753 3569 1830 3616 ea
1867 3547 2356 3637 instrumenta,
2395 3550 2465 3616 in
2501 3544 2702 3615 archio

706 3669 1276 3763 Hypothecarum
1351 3669 1691 3740 Custodis.
1811 3670 2134 3741 Ceterum
2186 3671 2320 3741 hoc
2371 3674 2591 3765 capite
2634 3662 2704 3736 ad

832 3968 922 4047 (1)
1006 3967 1116 4025 cff.
1152 3986 1219 4025 ea.
1251 3988 1397 4045 quae
1444 3968 1760 4028 memoravi
1807 3971 1881 4029 de
1915 3972 2177 4049 registris
2211 3973 2574 4044 memoratis,
2619 3964 2704 4026 sub

710 4065 783 4122 40
816 4082 887 4123 en
924 4059 1023 4134 50,
1071 4060 1135 4118 in
1166 4062 1197 4135 §
1233 4063 1267 4117 2
1301 4060 1378 4119 ad
1412 4080 1544 4139 pag.
1579 4064 1673 4124 87.
