2934 5102
1607 626 1702 698 66

645 837 1079 909 constituunt
1128 858 1422 929 poenam
1471 836 1543 904 in
1591 830 2087 929 Graphiarium
2113 834 2311 933 (nam
2335 834 2450 905 hic
2477 887 2500 924 ,
2532 858 2696 903 ver·

647 960 753 1031 bis
830 987 861 1029 «
890 961 976 1053 of
1008 960 1249 1031 andere
1298 959 1700 1031 bewaarders
1725 986 1758 1029 »
1831 960 2278 1056 intelligitur)
2354 972 2426 1030 et
2473 959 2698 1029 illum

649 1087 1055 1178 constringit
1114 1085 1205 1153 ad
1276 1084 1680 1155 solvendam
1737 1086 2080 1156 mulctam
2132 1112 2164 1154 «
2187 1109 2344 1155 voor
2389 1084 2502 1155 het
2546 1083 2699 1154 niet

648 1209 849 1303 n'ytiq
920 1210 1177 1281 houden
1246 1234 1327 1281 en
1398 1210 1688 1281 bewaren
1755 1210 1874 1281 der
1943 1210 2326 1304 reqisters.»

798 1332 1066 1405 Judicis
1138 1356 1415 1427 semper
1484 1336 1615 1405 erit
1673 1335 2036 1405 aestimare
2105 1333 2448 1405 damnum
2517 1332 2701 1401 alla-

653 1472 806 1529 tum
833 1511 853 1547 ‚
922 1471 995 1528 et
1060 1457 1378 1551 judicare
1428 1458 1712 1553 quando
1761 1456 2215 1553 Graphiarius
2264 1482 2410 1528 non
2455 1457 2648 1527 bene
2675 1510 2704 1547 ,

657 1610 689 1657 «
716 1583 857 1654 niet
924 1582 1125 1677 riqliy
1152 1611 1183 1651 »
1262 1608 1502 1654 curam
1575 1583 1924 1653 habuerit.
2216 1569 2222 1573 ¹

796 1708 1024 1779 Poena
1098 1708 1311 1801 hujus
1359 1708 1644 1797 delicti,
1719 1721 1826 1777 est
1873 1709 2140 1779 mulcta
2191 1707 2284 1777 ad
2332 1705 2480 1777 100
2527 1706 2706 1778 flor.

656 1857 902 1927 usque.
1026 1833 1095 1903 Si
1165 1833 1241 1903 C.
1316 1832 1394 1902 P.
1456 1836 1788 1924 maiorem
1847 1856 2144 1925 poenam
2189 1835 2436 1903 statuit
2459 1885 2482 1922 ,
2543 1856 2706 1902 cer-

658 1972 809 2028 tum
894 1969 998 2030 est
1081 1957 1169 2027 de
1252 1957 1388 2027 alio
1460 1956 1717 2027 delicto
1794 1980 1942 2028 esse
2011 1980 2398 2028 sermonem
2427 2010 2447 2045 ‚
2522 1979 2702 2025 nam

656 2107 781 2154 sua
850 2083 1103 2175 cuique
1174 2081 1431 2152 delicto
1505 2105 1724 2175 poena
1799 2093 2062 2152 statuta
2121 2093 2260 2152 est:
2357 2081 2706 2173 Quaestio

656 2230 819 2275 vero
894 2217 998 2275 est
1070 2228 1157 2274 an
1228 2203 1680 2299 Graphiarius
1755 2218 2026 2276 tantum
2100 2206 2232 2276 hac
2307 2227 2528 2300 poena
2591 2218 2708 2276 te-

659 2342 911 2400 neatur
936 2382 956 2417 ,
1005 2330 1063 2398 si
1106 2330 1393 2420 registra
1444 2353 1625 2422 quae
1683 2342 1946 2399 statum
1998 2330 2270 2400 civilem
2320 2342 2650 2425 spectant
2679 2386 2712 2421 ,

658 2478 798 2524 non
868 2454 1048 2523 hene
1121 2452 1522 2525 custodierit
1547 2452 1586 2521 ’.Ρ
1657 2454 1746 2525 de
1819 2479 1958 2549 qua
2025 2457 2123 2526 ita
2191 2456 2364 2526 mihi
2412 2455 2710 2526 videtur

660 2603 807 2650 esse
878 2578 1325 2649 statuendum
1348 2631 1369 2668 ,
1442 2591 1524 2648 ut
1595 2579 1683 2649 de
1753 2579 1859 2650 his
1918 2582 2406 2654 tantummodo
2461 2605 2710 2654 sermo

660 2707 749 2779 sit
774 2757 795 2794 ,
869 2706 964 2774 ita
1025 2716 1107 2774 ut
1131 2757 1153 2793 ,
1224 2705 1280 2774 si
1336 2700 1788 2796 Graphiarius
1861 2728 1922 2774 e.
1975 2729 2040 2797 g.
2113 2709 2486 2798 registrum
2541 2730 2712 2777 sen-

662 2833 1037 2902 tentiarum
1098 2829 1518 2900 arbitrorum
1579 2841 1703 2900 aut
1751 2829 2088 2900 Praesidis
2132 2830 2500 2902 tribunalis
2549 2855 2714 2902 non

663 2955 845 3024 bene
927 2954 1238 3042 curavit,
1322 2952 1437 3023 hic
1517 2953 1853 3024 articulus
1933 2951 2031 3022 27
2089 2979 2229 3026 non
2286 2957 2502 3050 possit
2575 2980 2718 3050 ap-

664 3080 927 3173 plicari.
1004 3075 1114 3173 (1)

811 3203 931 3274 Ad
978 3200 1366 3273 secundum
1415 3200 1752 3272 delictum
1805 3201 1898 3272 cf.
1949 3215 2079 3272 art.
2101 3201 2252 3272 254
2275 3204 2352 3274 C.
2377 3203 2499 3290 P.,
2551 3228 2716 3298 quo

665 3328 1149 3421 delinquentes
1194 3326 1642 3394 nominantur
1693 3351 1724 3394 «
1739 3325 2154 3397 onachtzanw
2187 3327 2539 3421 Gviffiem,
2593 3355 2720 3402 ar-

665 3451 978 3525 chivislen
1024 3462 1161 3522 etc.
1185 3475 1261 3535 »ς
1311 3450 1381 3518 in
1452 3471 1570 3520 eos
1635 3449 1988 3542 legislator
2057 3453 2330 3546 scripsit
2397 3478 2722 3548 poenam

669 3577 957 3648 carceris
1028 3598 1155 3668 per
1227 3585 1367 3644 tres
1432 3595 1700 3643 menses
1749 3573 1840 3643 ad
1887 3577 2049 3644 anni
2095 3579 2400 3670 spatium
2449 3604 2728 3675 usque.

778 3809 880 3887 ,(1)
920 3807 1159 3886 ⁸Eadem
1207 3826 1355 3886 quae
1406 3808 1649 3885 exposui
1697 3809 1775 3868 ad
1799 3828 1952 3892 pag.
2004 3811 2076 3872 79
2113 3818 2173 3868 et
2207 3813 2324 3883 80,
2363 3813 2438 3871 de
2469 3816 2723 3875 actione

668 3903 821 3962 circa
852 3902 968 3959 hoc
1003 3901 1282 3959 delictum
1315 3899 1680 3959 instituenda
1696 3947 1714 3973 ,
1747 3911 1806 3960 et
1839 3903 1912 3960 de
1945 3903 2072 3961 foro
2103 3904 2248 3962 huie
2282 3907 2690 3968 conveniente
2709 3955 2726 3982 ‚

667 3999 733 4056 in
780 3995 899 4054 hoe
949 3993 1163 4052 delicto
1214 3993 1550 4070 Graphiarii
1581 3994 1812 4068 valent,
1861 3997 1937 4054 cf.
1988 4005 2095 4054 art.
2147 3999 2224 4058 27
2275 3997 2340 4056 C.
2383 3998 2448 4056 C.
2495 4008 2558 4058 et
2607 4011 2724 4059 art.

674 4092 789 4148 854
825 4087 892 4148 C.
924 4086 999 4146 de
1028 4087 1214 4146 meth.
1248 4105 1407 4162 proc.
1438 4087 1505 4145 in
1537 4086 1603 4147 C.
1633 4087 1700 4145 C.
