2934 5102
1630 583 1732 656 46

670 816 882 887 quam
973 793 1469 864 detrimentum
1554 794 1745 887 quod
1837 791 2095 866 civitati
2192 802 2545 892 exoritur,
2648 805 2705 873 si

667 916 1122 1013 Graphiarius
1192 941 1361 1012 prae
1431 917 1846 1010 negligentia
1920 922 2173 991 amittit
2255 924 2499 995 album
2584 950 2705 995 an-

671 1046 989 1137 tiquum,
1051 1065 1194 1136 quo
1254 1054 1448 1152 patet
1518 1040 1688 1112 ordo
1766 1042 1932 1112 olim
2005 1045 2285 1117 habitus
2354 1051 2426 1117 in
2496 1074 2701 1120 caus-

667 1171 758 1238 sis
841 1156 1019 1260 jam‘
1095 1166 1535 1259 dijudicatis3
1643 1169 1841 1238 nobis
1933 1181 2166 1239 autem
2255 1175 2697 1266 propositum

669 1305 774 1363 est
843 1315 1044 1384 agere
1107 1290 1195 1360 de
1242 1293 1405 1382 jure
1476 1294 1899 1382 constitum,
1971 1317 2111 1363 non
2169 1295 2258 1365 de
2308 1299 2471 1388 jure
2534 1321 2699 1368 con-

668 1415 1064 1486 stituendo:
1135 1437 1551 1508 quaeramus
1624 1440 1786 1508 ergo
1858 1417 2030 1511 quid
2107 1419 2459 1511 legislator
2532 1445 2696 1492 con-

668 1541 968 1609 stituerit
1053 1552 1132 1608 ut
1212 1540 1390 1609 bene
1472 1541 1954 1611 custodiretur.
2079 1542 2247 1613 cod.
2322 1546 2464 1615 Civ.
2539 1570 2691 1616 nos·

669 1676 775 1734 ter
847 1665 1152 1734 continet
1221 1664 1292 1732 in
1365 1662 1503 1732 art⁰
1575 1661 1670 1731 27
1746 1677 1817 1734 et
1887 1662 1983 1734 28
2053 1681 2425 1762 praecepta
2506 1694 2692 1764 quae

666 1790 1042 1882 respiciunt
1124 1811 1263 1857 non
1343 1787 1574 1857 solum
1653 1790 2133 1881 magistratum
2216 1795 2339 1886 qui
2411 1798 2689 1887 praeest

669 1914 839 1982 actis
910 1924 979 1982 et
1049 1912 1308 1981 tabulis
1377 1924 1601 1982 status
1680 1912 1939 2002 civilis,
2022 1914 2144 1984 sed
2224 1919 2432 1985 etiam
2516 1915 2686 1988 Gra-

665 2037 1032 2130 phiarium.
1159 2035 1558 2106 Secundum
1632 2048 1785 2105 art¹¹²
1860 2033 1957 2104 27
2027 2037 2102 2107 C.
2176 2038 2251 2108 C.
2323 2043 2686 2132 magistra-

667 2173 780 2230 tus
852 2160 1104 2254 culpae
1173 2159 1449 2229 obnoxii
1529 2173 1737 2249 sunt,
1820 2162 1876 2230 si
1957 2185 2096 2231 non
2169 2163 2347 2234 bene
2422 2164 2683 2259 (riyliy)

666 2283 1159 2355 custodiverint
1224 2285 1531 2376 registra.
1630 2284 1767 2353 Hic
1817 2296 2090 2354 tantum
2146 2309 2371 2358 sermo
2441 2288 2529 2357 fit
2598 2288 2683 2358 de

664 2409 964 2501 registris
989 2459 1012 2496 ‚
1083 2419 1152 2477 et
1225 2407 1319 2476 ita
1392 2431 1675 2500 quoque
1746 2411 1818 2478 in
1890 2421 2018 2478 art.
2093 2407 2189 2480 28
2250 2413 2323 2480 in
2379 2436 2525 2508 quo
2589 2409 2682 2482 os·

665 2533 874 2605 ficiali
952 2531 1236 2627 publico
1314 2532 1849 2626 praescribitur,
1924 2545 2004 2603 ut
2078 2559 2157 2605 ea
2231 2548 2508 2608 tantum
2584 2561 2679 2607 re·

663 2661 870 2752 gistra
941 2659 1275 2753 inspiciat.
1397 2657 1501 2727 De
1574 2658 1896 2728 omnibus
1966 2661 2212 2730 ceteris
2280 2660 2493 2731 rebus
2570 2662 2676 2730 de·

660 2786 942 2878 positis,
1015 2780 1087 2879 bi
1158 2780 1432 2850 articuli
1502 2781 1753 2868 silent3
1853 2781 2019 2852 alibi
2084 2795 2321 2853 autem
2386 2808 2475 2855 ne
2538 2809 2675 2855 ver·

661 2908 756 2977 bo
838 2905 1120 3000 quidem
1193 2903 1281 2973 de
1351 2903 1561 2975 modo
1633 2904 2066 2976 custodiendi
2141 2909 2415 2999 agitur3
2492 2932 2673 2979 reve·

659 3055 736 3099 ra
816 3042 1052 3099 autem
1133 3028 1271 3097 tale
1350 3040 1802 3122 praeceptum
1878 3032 1949 3098 in
2030 3030 2198 3100 Cod.
2279 3031 2421 3101 civ.
2510 3032 2673 3103 mihi

660 3176 1247 3249 supervacaneum
1325 3152 1677 3223 videretur
1700 3205 1720 3241 ‚
1817 3156 1981 3247 quia
2060 3154 2231 3246 legis
2305 3168 2671 3251 praecepta

660 3278 1002 3373 generalia
1061 3277 1150 3347 de
1210 3276 1747 3369 obligationibus
1770 3329 1791 3366 ,
1864 3277 2048 3347 idem
2106 3278 2350 3349 dicunt
2404 3292 2477 3350 et
2534 3280 2670 3375 pla-

658 3428 748 3475 ne
816 3403 1218 3487 sufficiunt3
1292 3399 1680 3471 secundum
1754 3401 1927 3471 haec
2007 3405 2483 3498 unusquisque
2565 3403 2669 3473 de·

659 3530 845 3599 bitor
912 3530 983 3596 in
1053 3527 1543 3614 conventione,
1598 3537 1880 3595 tenetur
1936 3550 2019 3595 ex
2077 3527 2493 3619 negligentia
2556 3538 2669 3597 aut

657 3653 889 3746 culpa.
1012 3652 1306 3743 Insuper
1385 3648 1687 3741 regula,
1756 3630 1814 3717 ἀ
1839 3649 2214 3721 voluntatis
2296 3664 2402 3722 est
2485 3674 2666 3722 man·
2791 3690 2800 3700 ·

659 3776 963 3845 «datum
1037 3772 1358 3869 (munus)
1441 3777 1787 3869 suscipere
1808 3826 1827 3863 ,
1910 3776 2331 3845 necessitatis
2410 3789 2517 3847 est
2594 3774 2667 3843 il-

660 3928 690 3968 «
719 3899 848 3977 lud
910 3922 1386 3973 consummare
1411 3925 1470 3988 ,»
1547 3900 1824 3968 omnino
1880 3898 1968 3968 de
2024 3896 2413 3993 Graphiarii
2483 3922 2660 3969 man·

655 4025 822 4094 dato
893 4023 1100 4093 valet.
1978 4028 1985 4033 ’
