2934 5102
1662 629 1808 700 150

719 849 850 908 art.
926 833 1043 907 14.
1107 838 1441 933 epistolae
1515 837 1990 935 (circulaire)
2064 840 2149 910 D.
2250 827 2347 911 16
2412 866 2507 912 m.
2586 842 2738 912 Dec.

718 960 935 1033 1845.

866 1091 1181 1185 Spatium
1220 1094 1546 1197 tempos-is
1570 1145 1590 1182 ,
1640 1118 1767 1188 per
1787 1093 1978 1187 quod
2005 1093 2256 1188 culpae
2283 1093 2562 1165 obnox'ii
2589 1106 2739 1164 sunt

720 1218 901 1286 circa
960 1216 1305 1311 depositas
1354 1221 1684 1311 pecunias
1709 1271 1731 1308 ,
1779 1218 1866 1288 ad
1915 1220 2378 1289 remissionem
2428 1219 2518 1288 ad
2569 1243 2738 1288 aera-

720 1343 901 1411 rium
950 1341 1333 1436 perfectam
1372 1323 1625 1436 usqne,
1661 1367 1734 1413 se
1768 1343 2111 1431 extendit3
2162 1345 2218 1414 si
2253 1343 2413 1414 dein
2445 1345 2519 1414 in
2553 1346 2739 1414 resti-

721 1467 991 1536 tutione
1038 1491 1303 1537 moram
1351 1467 1731 1558 adhibent,
1783 1471 2112 1562 quoniam
2159 1471 2206 1538 ii
2257 1472 2378 1563 qui
2425 1494 2538 1539 res
2589 1471 2739 1539 civi-

722 1593 883 1662 tatis
924 1595 1354 1686 pecuniarias
1396 1604 1646 1662 curant
1692 1593 1829 1688 (het
1870 1593 2333 1687 Departement
2373 1619 2500 1664 van
2542 1595 2738 1688 finan-

722 1716 897 1812 cien)
946 1729 1068 1787 aut
1120 1719 1398 1788 omnino
1446 1741 1587 1787 non
1640 1731 1762 1787 aut
1811 1720 2028 1788 serius
2077 1718 2384 1788 subsidia
2423 1721 2735 1805 mittunt,

724 1841 873 1912 fieri
922 1854 1151 1936 potest
1197 1854 1278 1912 ut
1328 1842 1416 1912 ad
1466 1866 1829 1935 expensam,
1879 1843 2131 1912 damna
2181 1855 2252 1914 et
2287 1843 2532 1914 foenus
2565 1844 2738 1913 resti-

724 1967 984 2038 tuenda
1048 1967 1305 2061 judicis
1377 1970 1712 2039 sententia
1775 1967 2382 2039 condemnentur.·
2485 1969 2585 2039 Eo
2652 1981 2738 2036 ta·

724 2117 887 2163 men
935 2117 1101 2163 casu
1149 2094 1321 2164 haec
1370 2095 1598 2164 omnia
1652 2118 1690 2162 a
1741 2096 2015 2164 civitate
2065 2095 2422 2188 repetendi
2462 2095 2585 2186 jus
2614 2093 2737 2163 illis

726 2220 1106 2312 competit,
1158 2232 1238 2288 ut
1286 2221 1432 2314 ipsa
1486 2221 1794 2314 aequitas
1846 2220 2124 2289 omnino
2173 2220 2516 2314 postulat.
2611 2218 2734 2288 Mo·

725 2367 843 2413 rae
892 2345 1072 2412 enim
1122 2367 1363 2414 caussa
1411 2368 1551 2414 non
1596 2347 1668 2414 in
1713 2369 1957 2414 eorum
2005 2344 2262 2439 culpa,
2333 2344 2456 2416 sed
2520 2347 2586 2414 in
2633 2367 2735 2412 ne-

728 2470 1054 2565 gligentia
1134 2469 1325 2540 illius
1351 2523 1370 2561 ,
1452 2473 1658 2564 cujus
1739 2470 1969 2541 fuerat
2050 2472 2327 2541 mittere
2393 2469 2733 2558 subsidia,

726 2596 1121 2691 quaerenda
1152 2590 1298 2667 est.
1427 2597 1496 2667 si
1546 2610 1870 2668 recusant
1917 2597 2208 2667 reddere
2233 2650 2254 2686 ‚
2327 2596 2733 2691 deponentes

726 2740 973 2815 cogere
1042 2734 1334 2816 possunt
1406 2722 1853 2816 depositarios
1935 2746 2060 2816 per
2127 2704 2375 2793 manus
2445 2721 2732 2815 injectio·

704 2831 933 2937 nem,
1008 2847 1098 2917 cf.
1172 2859 1300 2917 art.
1375 2845 1520 2918 585
1589 2848 1725 2919 sub
1775 2846 1856 2917 40
1906 2848 1980 2918 C.
2031 2847 2121 2918 de
2168 2847 2385 2918 meth.
2438 2870 2621 2942 proc.
2668 2846 2730 2912 in
2857 2854 2859 2861 '

728 2972 804 3041 C.
851 2972 975 3061 C.‚
1023 2975 1145 3066 qui
1216 2972 1612 3044 sic·audit:
1689 2999 1720 3042 «
1751 2972 2164 3067 Loejssdwany
2239 2972 2420 3065 heeft
2483 2972 2728 3067 plaute,

729 3122 765 3167 7«
793 3120 947 3169 voor
1014 3098 1095 3167 de
1166 3106 1510 3192 teruyqave
1565 3122 1692 3169 van
1755 3098 2126 3193 penninqen
2151 3152 2172 3189 ,
2243 3098 2444 3169 welhe
2507 3092 2731 3191 qesteld

732 3248 765 3292 «
792 3224 933 3317 zzjn
1002 3223 1076 3293 in
1146 3222 1467 3317 bewarinq
1539 3248 1668 3294 van
1730 3224 1998 3294 daartoe
2056 3248 2138 3318 op
2183 3222 2511 3318 openbaar
2551 3242 2727 3315 θείας

734 3375 765 3417 «
794 3349 1201 3441 aanqestelde
1244 3333 1564 3445 personent
1589 3375 1620 3417 »
1675 3346 1804 3445 (1).

872 3473 1169 3567 Quando
1238 3475 1576 3568 pecuniae
1624 3472 1730 3543 his
1777 3472 2294 3566 magistratibus
2339 3472 2726 3555 tradantur,

730 3598 1027 3671 vidimus
1075 3599 1165 3669 ad
1213 3622 1370 3694 pag.
1422 3595 1568 3668 117
1592 3610 1663 3669 et
1685 3622 1826 3691 seq.
1854 3651 1875 3688 ‚
1925 3598 2037 3669 eff.
2063 3600 2346 3692 insuper
2370 3610 2528 3668 ατη.
2552 3589 2725 3665 1005

853 3928 942 4007 (l)
1024 3927 1115 3985 cf.
1164 3946 1249 3984 m:
1299 3944 1525 3996 prs-m,
1575 3926 1649 3983 de
1699 3924 1901 3983 codice
1951 3926 2024 3983 de
2054 3925 2236 3983 meth.
2269 3943 2426 4002 proc.
2458 3924 2519 3982 in
2551 3921 2609 3979 C.
2638 3918 2730 3986 C„

728 4024 895 4083 Tom.
930 4022 983 4078 Ι.
1016 4040 1146 4097 pag.
1188 4022 1295 4078 146
1316 4024 1513 4085 -154;
1561 4038 1620 4077 v.
1657 4038 1715 4077 n.
1749 4037 2042 4088 amum-r,
2083 4019 2304 4077 ibidem
2335 4019 2413 4076 ad
2447 4036 2568 4095 pag.
2599 4014 2728 4071 569·-

729 4114 843 4175 5⁶96
880 4125 939 4173 et
974 4132 1315 4203 onnus-MAN,
1367 4114 1569 4171 eodem
1605 4131 1778 4191 opere
1812 4114 1978 4173 Tom.
2014 4114 2101 4171 ΙΙ.
2137 4132 2268 4191 pag.
2303 4114 2418 4174 247
2435 4112 2603 4173 -279.
