<?xml version="1.0" encoding="UTF-8"?>
<!DOCTYPE html PUBLIC "-//W3C//DTD XHTML 1.0 Transitional//EN"
    "http://www.w3.org/TR/xhtml1/DTD/xhtml1-transitional.dtd">
<html xmlns="http://www.w3.org/1999/xhtml" xml:lang="en" lang="en">
 <head>
  <title>
</title>
<meta http-equiv="Content-Type" content="text/html;charset=utf-8" />
  <meta name='ocr-system' content='tesseract 3.04.00' />
  <meta name='ocr-capabilities' content='ocr_page ocr_carea ocr_par ocr_line ocrx_word'/>
</head>
<body>
  <div class='ocr_page' id='page_1' title='image "./dissertatiojuri00enscgoog_0045.png"; bbox 0 0 2934 5102; ppageno 0'>
   <div class='ocr_carea' id='block_1_1' title="bbox 1138 633 1228 704">
    <p class='ocr_par' dir='ltr' id='par_1_1' title="bbox 1138 633 1228 704">
     <span class='ocr_line' id='line_1_1' title="bbox 1138 633 1228 704; baseline 0 0"><span class='ocrx_word' id='word_1_1' title='bbox 1138 633 1228 704; x_wconf 83' lang='lat'><strong>51</strong></span> 
     </span>
    </p>
   </div>
   <div class='ocr_carea' id='block_1_2' title="bbox 165 843 2281 2817">
    <p class='ocr_par' dir='ltr' id='par_1_2' title="bbox 165 843 2281 2817">
     <span class='ocr_line' id='line_1_2' title="bbox 165 843 2205 941; baseline -0.003 -25"><span class='ocrx_word' id='word_1_2' title='bbox 165 869 372 941; x_wconf 82' lang='lat' dir='ltr'><strong>porro</strong></span> <span class='ocrx_word' id='word_1_3' title='bbox 471 846 746 918; x_wconf 88' lang='lat' dir='ltr'><strong>nomine</strong></span> <span class='ocrx_word' id='word_1_4' title='bbox 840 843 1533 938; x_wconf 86' lang='lat' dir='ltr'><strong>comprehenduntur</strong></span> <span class='ocrx_word' id='word_1_5' title='bbox 1630 845 1855 913; x_wconf 84' lang='lat' dir='ltr'><strong>omnia</strong></span> <span class='ocrx_word' id='word_1_6' title='bbox 1953 843 2205 912; x_wconf 81' lang='lat' dir='ltr'><strong>instru-</strong></span> 
     </span>
     <span class='ocr_line' id='line_1_3' title="bbox 165 967 2201 1062; baseline -0.002 -23"><span class='ocrx_word' id='word_1_7' title='bbox 165 981 396 1040; x_wconf 89' lang='lat' dir='ltr'><strong>menta</strong></span> <span class='ocrx_word' id='word_1_8' title='bbox 426 1020 446 1059; x_wconf 85' lang='lat'>‚</span> <span class='ocrx_word' id='word_1_9' title='bbox 548 991 730 1062; x_wconf 88' lang='lat' dir='ltr'><strong>quae</strong></span> <span class='ocrx_word' id='word_1_10' title='bbox 813 969 1036 1061; x_wconf 81' lang='lat' dir='ltr'><strong>judici</strong></span> <span class='ocrx_word' id='word_1_11' title='bbox 1135 969 1204 1038; x_wconf 89' lang='lat' dir='ltr'><strong>in</strong></span> <span class='ocrx_word' id='word_1_12' title='bbox 1282 967 1668 1061; x_wconf 79' lang='lat' dir='ltr'><strong>judicando</strong></span> <span class='ocrx_word' id='word_1_13' title='bbox 1748 991 1883 1038; x_wconf 91' lang='lat' dir='ltr'><strong>usu</strong></span> <span class='ocrx_word' id='word_1_14' title='bbox 1971 967 2201 1037; x_wconf 86' lang='lat' dir='ltr'><strong>venire</strong></span> 
     </span>
     <span class='ocr_line' id='line_1_4' title="bbox 165 1092 2281 1188; baseline -0.001 -24"><span class='ocrx_word' id='word_1_15' title='bbox 165 1106 508 1188; x_wconf 72' lang='lat' dir='ltr'><strong>possuntt,</strong></span> <span class='ocrx_word' id='word_1_16' title='bbox 607 1093 907 1188; x_wconf 89' lang='lat' dir='ltr'><strong>denique</strong></span> <span class='ocrx_word' id='word_1_17' title='bbox 983 1092 1244 1186; x_wconf 86' lang='lat' dir='ltr'><strong>judicis</strong></span> <span class='ocrx_word' id='word_1_18' title='bbox 1330 1094 1712 1164; x_wconf 85' lang='lat' dir='ltr'><strong>sententiae</strong></span> <span class='ocrx_word' id='word_1_19' title='bbox 1800 1093 2153 1186; x_wconf 83' lang='lat' dir='ltr'><strong>exemplar</strong></span> <span class='ocrx_word' id='word_1_20' title='bbox 2179 1145 2199 1184; x_wconf 89' lang='lat'>,</span> <span class='ocrx_word' id='word_1_21' title='bbox 2277 1177 2281 1181; x_wconf 31' lang='grc'><strong>,</strong></span> 
     </span>
     <span class='ocr_line' id='line_1_5' title="bbox 167 1213 2203 1312; baseline -0.001 -26"><span class='ocrx_word' id='word_1_22' title='bbox 167 1217 359 1312; x_wconf 90' lang='lat' dir='ltr'><strong>quod</strong></span> <span class='ocrx_word' id='word_1_23' title='bbox 442 1240 479 1284; x_wconf 91' lang='lat' dir='ltr'><strong>a</strong></span> <span class='ocrx_word' id='word_1_24' title='bbox 565 1213 978 1310; x_wconf 83' lang='lat' dir='ltr'><strong>Graphiario</strong></span> <span class='ocrx_word' id='word_1_25' title='bbox 1059 1217 1130 1284; x_wconf 87' lang='lat' dir='ltr'><strong>in</strong></span> <span class='ocrx_word' id='word_1_26' title='bbox 1213 1216 1525 1286; x_wconf 88' lang='lat' dir='ltr'><strong>archium</strong></span> <span class='ocrx_word' id='word_1_27' title='bbox 1589 1216 1911 1286; x_wconf 79' lang='lat' dir='ltr'><strong>refertur.</strong></span> <span class='ocrx_word' id='word_1_28' title='bbox 2030 1213 2203 1286; x_wconf 86' lang='lat' dir='ltr'><strong>Gra·</strong></span> 
     </span>
     <span class='ocr_line' id='line_1_6' title="bbox 167 1341 2202 1437; baseline -0 -27"><span class='ocrx_word' id='word_1_29' title='bbox 167 1341 416 1437; x_wconf 84' lang='lat' dir='ltr'><strong>phiarii</strong></span> <span class='ocrx_word' id='word_1_30' title='bbox 489 1363 770 1435; x_wconf 89' lang='lat' dir='ltr'><strong>quoque</strong></span> <span class='ocrx_word' id='word_1_31' title='bbox 845 1364 1100 1410; x_wconf 89' lang='lat' dir='ltr'><strong>munus</strong></span> <span class='ocrx_word' id='word_1_32' title='bbox 1161 1349 1307 1430; x_wconf 78' lang='lat' dir='ltr'><strong>est,</strong></span> <span class='ocrx_word' id='word_1_33' title='bbox 1369 1343 1597 1412; x_wconf 90' lang='lat' dir='ltr'><strong>omnia</strong></span> <span class='ocrx_word' id='word_1_34' title='bbox 1662 1343 1918 1435; x_wconf 86' lang='lat' dir='ltr'><strong>scripta</strong></span> <span class='ocrx_word' id='word_1_35' title='bbox 1942 1394 1963 1430; x_wconf 83' lang='lat'>‚</span> <span class='ocrx_word' id='word_1_36' title='bbox 2035 1363 2202 1435; x_wconf 88' lang='lat' dir='ltr'><strong>qua·</strong></span> 
     </span>
     <span class='ocr_line' id='line_1_7' title="bbox 169 1464 2202 1557; baseline -0 -23"><span class='ocrx_word' id='word_1_37' title='bbox 169 1467 262 1536; x_wconf 88' lang='lat' dir='ltr'><strong>lia</strong></span> <span class='ocrx_word' id='word_1_38' title='bbox 333 1476 499 1535; x_wconf 84' lang='lat' dir='ltr'><strong>sunt</strong></span> <span class='ocrx_word' id='word_1_39' title='bbox 525 1517 544 1554; x_wconf 83' lang='lat'>‚</span> <span class='ocrx_word' id='word_1_40' title='bbox 621 1464 1038 1556; x_wconf 83' lang='lat' dir='ltr'><strong>litigantium</strong></span> <span class='ocrx_word' id='word_1_41' title='bbox 1113 1467 1184 1533; x_wconf 91' lang='lat' dir='ltr'><strong>in</strong></span> <span class='ocrx_word' id='word_1_42' title='bbox 1258 1468 1378 1557; x_wconf 88' lang='lat' dir='ltr'><strong>jus</strong></span> <span class='ocrx_word' id='word_1_43' title='bbox 1449 1466 1715 1542; x_wconf 87' lang='lat' dir='ltr'><strong>vocatio</strong></span> <span class='ocrx_word' id='word_1_44' title='bbox 1742 1519 1763 1555; x_wconf 82' lang='lat'>‚</span> <span class='ocrx_word' id='word_1_45' title='bbox 1850 1466 2202 1535; x_wconf 83' lang='lat' dir='ltr'><strong>ministerii</strong></span> 
     </span>
     <span class='ocr_line' id='line_1_8' title="bbox 167 1588 2203 1684; baseline -0 -25"><span class='ocrx_word' id='word_1_46' title='bbox 167 1591 438 1684; x_wconf 77' lang='lat' dir='ltr'>publici</span> <span class='ocrx_word' id='word_1_47' title='bbox 514 1590 868 1660; x_wconf 84' lang='lat' dir='ltr'><strong>conclusio</strong></span> <span class='ocrx_word' id='word_1_48' title='bbox 895 1642 915 1678; x_wconf 88' lang='lat'>,</span> <span class='ocrx_word' id='word_1_49' title='bbox 989 1590 1386 1660; x_wconf 82' lang='lat' dir='ltr'><strong>testationes</strong></span> <span class='ocrx_word' id='word_1_50' title='bbox 1470 1601 1603 1658; x_wconf 88' lang='lat' dir='ltr'><strong>etc.</strong></span> <span class='ocrx_word' id='word_1_51' title='bbox 1683 1591 1879 1680; x_wconf 84' lang='lat' dir='ltr'><strong>justo</strong></span> <span class='ocrx_word' id='word_1_52' title='bbox 1964 1588 2203 1659; x_wconf 80' lang='lat' dir='ltr'><strong>ordine</strong></span> 
     </span>
     <span class='ocr_line' id='line_1_9' title="bbox 171 1711 2202 1801; baseline -0.003 -16"><span class='ocrx_word' id='word_1_53' title='bbox 171 1714 540 1785; x_wconf 89' lang='lat' dir='ltr'><strong>custodire.</strong></span> <span class='ocrx_word' id='word_1_54' title='bbox 640 1711 969 1784; x_wconf 86' lang='lat' dir='ltr'><strong>Omnium</strong></span> <span class='ocrx_word' id='word_1_55' title='bbox 1030 1713 1282 1783; x_wconf 87' lang='lat' dir='ltr'><strong>horum</strong></span> <span class='ocrx_word' id='word_1_56' title='bbox 1345 1714 2011 1801; x_wconf 79' lang='lat' dir='ltr'><strong>instrumentorum,</strong></span> <span class='ocrx_word' id='word_1_57' title='bbox 2088 1712 2202 1780; x_wconf 90' lang='lat' dir='ltr'><strong>ad-</strong></span> 
     </span>
     <span class='ocr_line' id='line_1_10' title="bbox 168 1837 2203 1931; baseline -0.003 -22"><span class='ocrx_word' id='word_1_58' title='bbox 168 1841 433 1909; x_wconf 82' lang='lat' dir='ltr'><strong>notatio</strong></span> <span class='ocrx_word' id='word_1_59' title='bbox 505 1838 590 1907; x_wconf 85' lang='lat' dir='ltr'><strong>fit</strong></span> <span class='ocrx_word' id='word_1_60' title='bbox 662 1839 736 1907; x_wconf 85' lang='lat' dir='ltr'><strong>in</strong></span> <span class='ocrx_word' id='word_1_61' title='bbox 806 1839 1096 1930; x_wconf 79' lang='lat' dir='ltr'><strong>registro</strong></span> <span class='ocrx_word' id='word_1_62' title='bbox 1165 1861 1294 1931; x_wconf 87' lang='lat' dir='ltr'><strong>pro</strong></span> <span class='ocrx_word' id='word_1_63' title='bbox 1351 1837 1673 1928; x_wconf 86' lang='lat' dir='ltr'><strong>uniuscuj</strong></span> <span class='ocrx_word' id='word_1_64' title='bbox 1686 1858 1905 1929; x_wconf 90' lang='lat' dir='ltr'><strong>usque</strong></span> <span class='ocrx_word' id='word_1_65' title='bbox 1952 1837 2203 1904; x_wconf 85' lang='lat' dir='ltr'><strong>instru-</strong></span> 
     </span>
     <span class='ocr_line' id='line_1_11' title="bbox 167 1959 2203 2057; baseline -0.001 -24"><span class='ocrx_word' id='word_1_66' title='bbox 167 1965 385 2033; x_wconf 86' lang='lat' dir='ltr'><strong>menti</strong></span> <span class='ocrx_word' id='word_1_67' title='bbox 445 1965 694 2057; x_wconf 88' lang='lat' dir='ltr'><strong>specie.</strong></span> <span class='ocrx_word' id='word_1_68' title='bbox 793 1960 1247 2056; x_wconf 85' lang='lat' dir='ltr'><strong>Graphiarius</strong></span> <span class='ocrx_word' id='word_1_69' title='bbox 1310 1963 1569 2055; x_wconf 86' lang='lat' dir='ltr'><strong>scripto</strong></span> <span class='ocrx_word' id='word_1_70' title='bbox 1617 1959 1901 2031; x_wconf 85' lang='lat' dir='ltr'><strong>mandat</strong></span> <span class='ocrx_word' id='word_1_71' title='bbox 1924 2013 1945 2054; x_wconf 80' lang='grc'>,</span> <span class='ocrx_word' id='word_1_72' title='bbox 1996 1983 2203 2054; x_wconf 88' lang='lat' dir='ltr'><strong>quae-</strong></span> 
     </span>
     <span class='ocr_line' id='line_1_12' title="bbox 169 2085 2203 2182; baseline -0.002 -24"><span class='ocrx_word' id='word_1_73' title='bbox 169 2113 451 2182; x_wconf 89' lang='lat' dir='ltr'><strong>cunque</strong></span> <span class='ocrx_word' id='word_1_74' title='bbox 509 2112 635 2182; x_wconf 86' lang='lat' dir='ltr'><strong>per</strong></span> <span class='ocrx_word' id='word_1_75' title='bbox 683 2086 1072 2158; x_wconf 86' lang='lat' dir='ltr'><strong>Tribunalis</strong></span> <span class='ocrx_word' id='word_1_76' title='bbox 1121 2088 1491 2157; x_wconf 85' lang='lat' dir='ltr'><strong>sessionem</strong></span> <span class='ocrx_word' id='word_1_77' title='bbox 1542 2111 1581 2154; x_wconf 88' lang='lat' dir='ltr'><strong>a</strong></span> <span class='ocrx_word' id='word_1_78' title='bbox 1622 2085 1865 2178; x_wconf 86' lang='lat' dir='ltr'><strong>judice</strong></span> <span class='ocrx_word' id='word_1_79' title='bbox 1890 2138 1909 2175; x_wconf 83' lang='lat'>‚</span> <span class='ocrx_word' id='word_1_80' title='bbox 1963 2109 2001 2154; x_wconf 90' lang='lat' dir='ltr'><strong>a</strong></span> <span class='ocrx_word' id='word_1_81' title='bbox 2050 2109 2203 2179; x_wconf 87' lang='lat' dir='ltr'><strong>par-</strong></span> 
     </span>
     <span class='ocr_line' id='line_1_13' title="bbox 169 2203 2205 2306; baseline -0.001 -24"><span class='ocrx_word' id='word_1_82' title='bbox 169 2212 363 2283; x_wconf 87' lang='lat' dir='ltr'><strong>tibus</strong></span> <span class='ocrx_word' id='word_1_83' title='bbox 442 2225 564 2282; x_wconf 85' lang='lat' dir='ltr'><strong>aut</strong></span> <span class='ocrx_word' id='word_1_84' title='bbox 649 2237 687 2282; x_wconf 90' lang='lat' dir='ltr'><strong>a</strong></span> <span class='ocrx_word' id='word_1_85' title='bbox 768 2212 1037 2306; x_wconf 82' lang='lat' dir='ltr'><strong>publici</strong></span> <span class='ocrx_word' id='word_1_86' title='bbox 1119 2211 1473 2281; x_wconf 84' lang='lat' dir='ltr'><strong>ministerii</strong></span> <span class='ocrx_word' id='word_1_87' title='bbox 1552 2203 1961 2303; x_wconf 80' lang='lat' dir='ltr'><strong>magistratu</strong></span> <span class='ocrx_word' id='word_1_88' title='bbox 1988 2263 2008 2300; x_wconf 82' lang='grc'>,</span> <span class='ocrx_word' id='word_1_89' title='bbox 2107 2210 2205 2280; x_wconf 91' lang='lat' dir='ltr'><strong>di·-</strong></span> 
     </span>
     <span class='ocr_line' id='line_1_14' title="bbox 169 2334 2205 2429; baseline -0.002 -21"><span class='ocrx_word' id='word_1_90' title='bbox 169 2349 432 2408; x_wconf 84' lang='lat' dir='ltr'><strong>cuntur</strong></span> <span class='ocrx_word' id='word_1_91' title='bbox 454 2389 475 2427; x_wconf 83' lang='lat'>,</span> <span class='ocrx_word' id='word_1_92' title='bbox 572 2338 1090 2429; x_wconf 79' lang='lat' dir='ltr'><strong>interrogantur</strong></span> <span class='ocrx_word' id='word_1_93' title='bbox 1177 2347 1300 2404; x_wconf 87' lang='lat' dir='ltr'><strong>aut</strong></span> <span class='ocrx_word' id='word_1_94' title='bbox 1377 2334 1938 2429; x_wconf 71' lang='lat' dir='ltr'><strong>respondenturt,</strong></span> <span class='ocrx_word' id='word_1_95' title='bbox 2023 2357 2205 2429; x_wconf 85' lang='lat' dir='ltr'><strong>quae</strong></span> 
     </span>
     <span class='ocr_line' id='line_1_15' title="bbox 167 2458 2205 2555; baseline -0.001 -24"><span class='ocrx_word' id='word_1_96' title='bbox 167 2464 272 2531; x_wconf 93' lang='lat' dir='ltr'><strong>sic</strong></span> <span class='ocrx_word' id='word_1_97' title='bbox 330 2461 848 2551; x_wconf 81' lang='lat' dir='ltr'><strong>inscribuntur,</strong></span> <span class='ocrx_word' id='word_1_98' title='bbox 915 2458 1508 2555; x_wconf 86' lang='lat' dir='ltr'><strong>quemadmodum</strong></span> <span class='ocrx_word' id='word_1_99' title='bbox 1570 2483 1650 2530; x_wconf 91' lang='lat' dir='ltr'><strong>ea</strong></span> <span class='ocrx_word' id='word_1_100' title='bbox 1708 2483 1889 2554; x_wconf 88' lang='lat' dir='ltr'><strong>quae</strong></span> <span class='ocrx_word' id='word_1_101' title='bbox 1960 2484 2001 2528; x_wconf 90' lang='lat' dir='ltr'><strong>a</strong></span> <span class='ocrx_word' id='word_1_102' title='bbox 2072 2459 2205 2528; x_wconf 89' lang='lat' dir='ltr'><strong>reis</strong></span> 
     </span>
     <span class='ocr_line' id='line_1_16' title="bbox 167 2582 2205 2678; baseline -0.003 -21"><span class='ocrx_word' id='word_1_103' title='bbox 167 2600 297 2658; x_wconf 89' lang='lat' dir='ltr'><strong>aut</strong></span> <span class='ocrx_word' id='word_1_104' title='bbox 356 2588 649 2659; x_wconf 86' lang='lat' dir='ltr'><strong>testibus</strong></span> <span class='ocrx_word' id='word_1_105' title='bbox 709 2586 1095 2659; x_wconf 85' lang='lat' dir='ltr'><strong>afferuntur</strong></span> <span class='ocrx_word' id='word_1_106' title='bbox 1121 2639 1140 2676; x_wconf 84' lang='lat'>‚</span> <span class='ocrx_word' id='word_1_107' title='bbox 1218 2582 1674 2678; x_wconf 82' lang='lat' dir='ltr'><strong>Graphiarius</strong></span> <span class='ocrx_word' id='word_1_108' title='bbox 1748 2585 1820 2652; x_wconf 90' lang='lat' dir='ltr'><strong>in</strong></span> <span class='ocrx_word' id='word_1_109' title='bbox 1890 2582 2205 2653; x_wconf 87' lang='lat' dir='ltr'><strong>archium</strong></span> 
     </span>
     <span class='ocr_line' id='line_1_17' title="bbox 165 2706 2135 2817; baseline -0.004 -34"><span class='ocrx_word' id='word_1_110' title='bbox 165 2712 442 2785; x_wconf 84' lang='lat' dir='ltr'><strong>confert</strong></span> <span class='ocrx_word' id='word_1_111' title='bbox 466 2766 487 2803; x_wconf 84' lang='lat'>‚</span> <span class='ocrx_word' id='word_1_112' title='bbox 563 2725 633 2783; x_wconf 90' lang='lat' dir='ltr'><strong>et</strong></span> <span class='ocrx_word' id='word_1_113' title='bbox 707 2711 801 2781; x_wconf 92' lang='lat' dir='ltr'><strong>ibi</strong></span> <span class='ocrx_word' id='word_1_114' title='bbox 869 2713 1050 2781; x_wconf 88' lang='lat' dir='ltr'><strong>inter</strong></span> <span class='ocrx_word' id='word_1_115' title='bbox 1117 2710 1412 2781; x_wconf 66' lang='lat' dir='ltr'><strong>minutam</strong></span> <span class='ocrx_word' id='word_1_116' title='bbox 1486 2706 1832 2778; x_wconf 84' lang='lat' dir='ltr'><strong>custodire</strong></span> <span class='ocrx_word' id='word_1_117' title='bbox 1900 2706 2135 2817; x_wconf 79' lang='lat' dir='ltr'><strong>debet.</strong></span> 
     </span>
    </p>
   </div>
   <div class='ocr_carea' id='block_1_3' title="bbox 313 2836 2324 2938">
    <p class='ocr_par' dir='ltr' id='par_1_3' title="bbox 313 2836 2324 2938">
     <span class='ocr_line' id='line_1_18' title="bbox 313 2836 2324 2938; baseline -0.004 -30"><span class='ocrx_word' id='word_1_118' title='bbox 313 2838 610 2908; x_wconf 87' lang='lat' dir='ltr'><strong>Exstant</strong></span> <span class='ocrx_word' id='word_1_119' title='bbox 679 2838 960 2931; x_wconf 82' lang='lat' dir='ltr'><strong>insuper</strong></span> <span class='ocrx_word' id='word_1_120' title='bbox 1033 2836 1196 2907; x_wconf 89' lang='lat' dir='ltr'><strong>talia</strong></span> <span class='ocrx_word' id='word_1_121' title='bbox 1266 2836 1725 2904; x_wconf 82' lang='lat' dir='ltr'><strong>instrumenta</strong></span> <span class='ocrx_word' id='word_1_122' title='bbox 1800 2855 1980 2927; x_wconf 85' lang='lat' dir='ltr'><strong>quae</strong></span> <span class='ocrx_word' id='word_1_123' title='bbox 2047 2855 2202 2902; x_wconf 90' lang='lat' dir='ltr'><strong>con-</strong></span> <span class='ocrx_word' id='word_1_124' title='bbox 2316 2919 2324 2938; x_wconf 26' lang='grc' dir='ltr'>ἱ</span> 
     </span>
    </p>
   </div>
   <div class='ocr_carea' id='block_1_4' title="bbox 162 2955 2206 4170">
    <p class='ocr_par' dir='ltr' id='par_1_4' title="bbox 165 2955 2204 3428">
     <span class='ocr_line' id='line_1_19' title="bbox 165 2955 2204 3034; baseline -0.003 -1"><span class='ocrx_word' id='word_1_125' title='bbox 165 2966 394 3034; x_wconf 87' lang='lat' dir='ltr'><strong>tinent</strong></span> <span class='ocrx_word' id='word_1_126' title='bbox 463 2964 834 3032; x_wconf 86' lang='lat' dir='ltr'><strong>sententias</strong></span> <span class='ocrx_word' id='word_1_127' title='bbox 916 2961 1336 3031; x_wconf 87' lang='lat' dir='ltr'><strong>arbitrorum</strong></span> <span class='ocrx_word' id='word_1_128' title='bbox 1411 2970 1483 3029; x_wconf 88' lang='lat' dir='ltr'><strong>et</strong></span> <span class='ocrx_word' id='word_1_129' title='bbox 1553 2957 1891 3029; x_wconf 85' lang='lat' dir='ltr'><strong>Praesidis</strong></span> <span class='ocrx_word' id='word_1_130' title='bbox 1963 2957 2016 3026; x_wconf 96' lang='lat' dir='ltr'>T</span> <span class='ocrx_word' id='word_1_131' title='bbox 2016 2955 2204 3027; x_wconf 86' lang='lat' dir='ltr'><strong>ribu-</strong></span> 
     </span>
     <span class='ocr_line' id='line_1_20' title="bbox 165 3084 2204 3176; baseline -0.002 -19"><span class='ocrx_word' id='word_1_132' title='bbox 165 3088 368 3157; x_wconf 87' lang='lat' dir='ltr'><strong>nalis.</strong></span> <span class='ocrx_word' id='word_1_133' title='bbox 467 3086 662 3157; x_wconf 86' lang='lat' dir='ltr'><strong>Tales</strong></span> <span class='ocrx_word' id='word_1_134' title='bbox 734 3086 1116 3156; x_wconf 84' lang='lat' dir='ltr'><strong>sententiae</strong></span> <span class='ocrx_word' id='word_1_135' title='bbox 1185 3084 1481 3155; x_wconf 75' lang='lat' dir='ltr'><strong>minuten</strong></span> <span class='ocrx_word' id='word_1_136' title='bbox 1542 3095 1881 3154; x_wconf 86' lang='lat' dir='ltr'><strong>vocantur</strong></span> <span class='ocrx_word' id='word_1_137' title='bbox 1932 3094 2003 3153; x_wconf 91' lang='lat' dir='ltr'><strong>et</strong></span> <span class='ocrx_word' id='word_1_138' title='bbox 2054 3106 2204 3176; x_wconf 88' lang='lat' dir='ltr'><strong>spe·</strong></span> 
     </span>
     <span class='ocr_line' id='line_1_21' title="bbox 168 3205 2203 3304; baseline -0.002 -23"><span class='ocrx_word' id='word_1_139' title='bbox 168 3211 330 3281; x_wconf 85' lang='lat' dir='ltr'><strong>ciali</strong></span> <span class='ocrx_word' id='word_1_140' title='bbox 409 3212 698 3304; x_wconf 82' lang='lat' dir='ltr'><strong>registro</strong></span> <span class='ocrx_word' id='word_1_141' title='bbox 778 3210 1264 3281; x_wconf 61' lang='lat' dir='ltr'><strong>inscribuntur:</strong></span> <span class='ocrx_word' id='word_1_142' title='bbox 1339 3208 1428 3278; x_wconf 85' lang='lat' dir='ltr'><strong>cf.</strong></span> <span class='ocrx_word' id='word_1_143' title='bbox 1504 3220 1631 3277; x_wconf 84' lang='lat' dir='ltr'><strong>art.</strong></span> <span class='ocrx_word' id='word_1_144' title='bbox 1710 3205 1855 3277; x_wconf 82' lang='lat'><strong>659</strong></span> <span class='ocrx_word' id='word_1_145' title='bbox 1930 3220 2005 3279; x_wconf 83' lang='lat' dir='ltr'><strong>et</strong></span> <span class='ocrx_word' id='word_1_146' title='bbox 2074 3220 2203 3277; x_wconf 83' lang='lat' dir='ltr'><strong>art.</strong></span> 
     </span>
     <span class='ocr_line' id='line_1_22' title="bbox 165 3333 1656 3428; baseline -0.002 -23"><span class='ocrx_word' id='word_1_147' title='bbox 165 3335 338 3407; x_wconf 74' lang='lat'><strong>296.</strong></span> <span class='ocrx_word' id='word_1_148' title='bbox 415 3336 490 3406; x_wconf 90' lang='lat' dir='ltr'><strong>C.</strong></span> <span class='ocrx_word' id='word_1_149' title='bbox 566 3334 655 3405; x_wconf 90' lang='lat' dir='ltr'><strong>de</strong></span> <span class='ocrx_word' id='word_1_150' title='bbox 729 3334 944 3405; x_wconf 88' lang='lat' dir='ltr'><strong>meth.</strong></span> <span class='ocrx_word' id='word_1_151' title='bbox 1019 3343 1210 3428; x_wconf 81' lang='lat' dir='ltr'><strong>proc.</strong></span> <span class='ocrx_word' id='word_1_152' title='bbox 1283 3336 1354 3404; x_wconf 89' lang='lat' dir='ltr'><strong>in</strong></span> <span class='ocrx_word' id='word_1_153' title='bbox 1429 3333 1505 3403; x_wconf 86' lang='lat' dir='ltr'><strong>C.</strong></span> <span class='ocrx_word' id='word_1_154' title='bbox 1582 3333 1656 3403; x_wconf 89' lang='lat' dir='ltr'><strong>C.</strong></span> 
     </span>
    </p>

    <p class='ocr_par' dir='ltr' id='par_1_5' title="bbox 162 3453 2206 4170">
     <span class='ocr_line' id='line_1_23' title="bbox 317 3453 2204 3551; baseline -0.004 -18"><span class='ocrx_word' id='word_1_155' title='bbox 317 3458 638 3533; x_wconf 87' lang='lat' dir='ltr'><strong>Secundo</strong></span> <span class='ocrx_word' id='word_1_156' title='bbox 715 3460 869 3529; x_wconf 92' lang='lat' dir='ltr'><strong>loco</strong></span> <span class='ocrx_word' id='word_1_157' title='bbox 943 3459 1298 3530; x_wconf 85' lang='lat' dir='ltr'><strong>videamus</strong></span> <span class='ocrx_word' id='word_1_158' title='bbox 1374 3457 1545 3551; x_wconf 89' lang='lat' dir='ltr'><strong>quid</strong></span> <span class='ocrx_word' id='word_1_159' title='bbox 1604 3481 1733 3551; x_wconf 88' lang='lat' dir='ltr'><strong>per</strong></span> <span class='ocrx_word' id='word_1_160' title='bbox 1780 3453 2204 3526; x_wconf 82' lang='lat' dir='ltr'><strong>vocabulum</strong></span> 
     </span>
     <span class='ocr_line' id='line_1_24' title="bbox 171 3579 2206 3678; baseline -0.004 -24"><span class='ocrx_word' id='word_1_161' title='bbox 171 3612 204 3654; x_wconf 90' lang='lat'>«</span> <span class='ocrx_word' id='word_1_162' title='bbox 235 3584 543 3678; x_wconf 69' lang='lat' dir='ltr'><strong>reyisters</strong></span> <span class='ocrx_word' id='word_1_163' title='bbox 569 3610 608 3653; x_wconf 82' lang='lat'><strong>».</strong></span> <span class='ocrx_word' id='word_1_164' title='bbox 677 3585 748 3653; x_wconf 87' lang='lat' dir='ltr'><strong>in</strong></span> <span class='ocrx_word' id='word_1_165' title='bbox 824 3595 952 3652; x_wconf 84' lang='lat' dir='ltr'><strong>art.</strong></span> <span class='ocrx_word' id='word_1_166' title='bbox 1029 3581 1146 3653; x_wconf 83' lang='lat'><strong>61.</strong></span> <span class='ocrx_word' id='word_1_167' title='bbox 1247 3583 1444 3675; x_wconf 86' lang='lat' dir='ltr'><strong>Legis</strong></span> <span class='ocrx_word' id='word_1_168' title='bbox 1520 3579 1999 3678; x_wconf 82' lang='lat' dir='ltr'><strong>(Reglement)</strong></span> <span class='ocrx_word' id='word_1_169' title='bbox 2048 3604 2101 3651; x_wconf 91' lang='lat' dir='ltr'><strong>s.</strong></span> <span class='ocrx_word' id='word_1_170' title='bbox 2154 3581 2206 3655; x_wconf 73' lang='lat' dir='ltr'><strong>l,</strong></span> 
     </span>
     <span class='ocr_line' id='line_1_25' title="bbox 165 3702 2205 3799; baseline -0.002 -25"><span class='ocrx_word' id='word_1_171' title='bbox 165 3716 571 3799; x_wconf 59' lang='lat' dir='ltr'><strong>spectatum</strong></span> <span class='ocrx_word' id='word_1_172' title='bbox 670 3704 726 3777; x_wconf 85' lang='lat' dir='ltr'><strong>si</strong></span> <span class='ocrx_word' id='word_1_173' title='bbox 805 3702 1250 3798; x_wconf 72' lang='lat' dir='ltr'><strong>Graphiarius</strong></span> <span class='ocrx_word' id='word_1_174' title='bbox 1322 3702 1596 3797; x_wconf 87' lang='lat' dir='ltr'><strong>perficit</strong></span> <span class='ocrx_word' id='word_1_175' title='bbox 1665 3703 2205 3773; x_wconf 88' lang='lat' dir='ltr'><strong>instrumentum</strong></span> 
     </span>
     <span class='ocr_line' id='line_1_26' title="bbox 165 3826 2203 3921; baseline -0.002 -22"><span class='ocrx_word' id='word_1_176' title='bbox 165 3854 228 3899; x_wconf 89' lang='lat' dir='ltr'><strong>e.</strong></span> <span class='ocrx_word' id='word_1_177' title='bbox 304 3854 370 3921; x_wconf 80' lang='lat' dir='ltr'><strong>g.</strong></span> <span class='ocrx_word' id='word_1_178' title='bbox 447 3828 536 3898; x_wconf 91' lang='lat' dir='ltr'><strong>de</strong></span> <span class='ocrx_word' id='word_1_179' title='bbox 607 3827 989 3899; x_wconf 83' lang='lat' dir='ltr'><strong>hereditate</strong></span> <span class='ocrx_word' id='word_1_180' title='bbox 1060 3828 1337 3921; x_wconf 87' lang='lat' dir='ltr'><strong>repulsa</strong></span> <span class='ocrx_word' id='word_1_181' title='bbox 1365 3880 1386 3916; x_wconf 83' lang='lat'>‚</span> <span class='ocrx_word' id='word_1_182' title='bbox 1460 3826 1595 3897; x_wconf 92' lang='lat' dir='ltr'><strong>hoc</strong></span> <span class='ocrx_word' id='word_1_183' title='bbox 1667 3827 2203 3899; x_wconf 81' lang='lat' dir='ltr'><strong>instrumentum</strong></span> 
     </span>
     <span class='ocr_line' id='line_1_27' title="bbox 164 3950 2205 4047; baseline -0.002 -24"><span class='ocrx_word' id='word_1_184' title='bbox 164 3952 483 4023; x_wconf 87' lang='lat' dir='ltr'><strong>inscribit</strong></span> <span class='ocrx_word' id='word_1_185' title='bbox 541 3952 703 4023; x_wconf 91' lang='lat' dir='ltr'><strong>albo</strong></span> <span class='ocrx_word' id='word_1_186' title='bbox 759 3964 830 4022; x_wconf 87' lang='lat' dir='ltr'><strong>ct</strong></span> <span class='ocrx_word' id='word_1_187' title='bbox 889 3952 1366 4047; x_wconf 85' lang='lat' dir='ltr'><strong>apographum</strong></span> <span class='ocrx_word' id='word_1_188' title='bbox 1426 3950 1591 4023; x_wconf 87' lang='lat' dir='ltr'><strong>edit.</strong></span> <span class='ocrx_word' id='word_1_189' title='bbox 1692 3951 1802 4021; x_wconf 92' lang='lat' dir='ltr'><strong>Sic</strong></span> <span class='ocrx_word' id='word_1_190' title='bbox 1860 3951 2023 4022; x_wconf 88' lang='lat' dir='ltr'><strong>alba</strong></span> <span class='ocrx_word' id='word_1_191' title='bbox 2082 3962 2205 4021; x_wconf 88' lang='lat' dir='ltr'><strong>aut</strong></span> 
     </span>
     <span class='ocr_line' id='line_1_28' title="bbox 162 4074 2205 4170; baseline -0.001 -23"><span class='ocrx_word' id='word_1_192' title='bbox 162 4079 454 4170; x_wconf 82' lang='lat' dir='ltr'><strong>registra</strong></span> <span class='ocrx_word' id='word_1_193' title='bbox 527 4078 710 4148; x_wconf 81' lang='lat' dir='ltr'><strong>varia</strong></span> <span class='ocrx_word' id='word_1_194' title='bbox 785 4090 1058 4149; x_wconf 83' lang='lat' dir='ltr'><strong>exstant</strong></span> <span class='ocrx_word' id='word_1_195' title='bbox 1083 4131 1104 4167; x_wconf 89' lang='lat'>‚</span> <span class='ocrx_word' id='word_1_196' title='bbox 1187 4089 1270 4151; x_wconf 88' lang='lat' dir='ltr'><strong>ut</strong></span> <span class='ocrx_word' id='word_1_197' title='bbox 1348 4077 1845 4147; x_wconf 88' lang='lat' dir='ltr'><strong>sententiarum</strong></span> <span class='ocrx_word' id='word_1_198' title='bbox 1918 4074 2205 4159; x_wconf 85' lang='lat' dir='ltr'><strong>arbitro-</strong></span> 
     </span>
    </p>
   </div>
  </div>
 </body>
</html>
