2934 5102
1203 655 1300 726 45

223 869 689 936 instrumenta
746 875 869 933 aut
927 875 1078 934 acta
1106 916 1126 953 ,
1199 888 1380 958 quae
1447 889 1578 936 usu
1638 868 1923 942 veniunt
1970 867 2059 938 ad
2104 892 2259 962 pro·

225 989 546 1059 bandum
617 988 846 1058 scelus
918 999 1040 1058 aut
1114 987 1203 1057 ad
1275 988 1713 1059 liberandum
1796 1015 2017 1061 rcum.
2140 963 2259 1062 Of?
2314 969 2325 984 κ

222 1112 474 1184 ficialis
559 1112 888 1205 publi-cus
971 1112 1198 1182 omnia
1271 1111 1442 1182 haec
1518 1112 1795 1204 colligi,
1871 1127 1941 1184 et
2012 1116 2083 1184 in
2156 1140 2259 1184 ar-

225 1237 470 1308 chium
549 1235 902 1306 transferri
973 1236 1206 1328 jubet.
1299 1236 1390 1306 cf.
1459 1248 1589 1306 art.
1664 1234 1760 1306 44
1828 1250 1898 1308 et
1966 1236 2109 1308 152
2172 1241 2257 1310 .C.

225 1361 314 1431 de
386 1361 605 1430 meth.
676 1385 782 1455 pr.
858 1362 927 1429 in
999 1360 1200 1430 Caus.
1269 1360 1479 1431 Pocn.
1605 1362 1777 1432 Fieri
1860 1375 2091 1456 potest
2178 1376 2259 1434 ut

227 1483 542 1556 custodia
623 1507 858 1553 rerum
947 1508 1120 1577 quas
1173 1471 1326 1554 snos
1405 1484 1473 1554 E
1475 1487 1707 1578 ffecten
1787 1511 1916 1556 aan
1994 1488 2261 1560 toonder
2355 1499 2361 1504 ’

229 1601 604 1697 vocamuS‚
677 1593 1048 1676 mandetur
1094 1603 1507 1700 Graphiario
1551 1609 1763 1677 simul
1809 1633 1970 1679 cum
2013 1613 2256 1704 magis-

223 1745 420 1801 tratu
486 1731 1058 1826 Hypothecarum
1128 1731 1430 1802 Custode
1457 1784 1478 1820 ‚
1554 1731 1643 1801 cf.
1712 1744 1840 1802 arta
1913 1731 1982 1802 1.
2060 1735 2255 1826 Legis

225 1853 324 1924 26
409 1880 502 1924 m.
573 1858 740 1947 maji
832 1853 1050 1924 1841.
1113 1873 1130 1894 ·
1171 1854 1501 1948 Quamvis
1573 1853 2025 1951 Graphiarius
2119 1857 2255 1928 cla·

226 2004 384 2049 vem
485 1991 756 2049 tantum
850 2004 1048 2050 arcae
1135 1981 1437 2050 custodit
1464 2033 1484 2070 ,
1568 1981 2011 2052 nihilominus
2104 2006 2255 2076 per·

227 2126 396 2173 sona
477 2128 658 2198 quae
738 2103 826 2180 de
905 2105 1114 2196 culpa
1195 2104 1567 2198 respondet
1588 2158 1608 2194 ‚
1689 2105 2022 2199 dicendus
2060 2159 2067 2168 .
2102 2119 2253 2193 est3

226 2241 657 2321 quapropter
747 2230 820 2296 in
915 2227 1068 2320 lege
1145 2253 1200 2298 s.
1285 2228 1334 2296 l.
1413 2253 1666 2299 nomen
1748 2231 2115 2302 bewaarder
2192 2233 2255 2300 ei

223 2353 388 2442 jure
470 2352 832 2440 tribuitur,
932 2351 1020 2421 cf.
1095 2363 1223 2422 art.
1304 2351 1371 2422 5.
1429 2353 1653 2447 'Legis
1734 2353 1832 2423 26
1910 2381 2006 2426 m.
2088 2357 2254 2447 maji

233 2470 425 2542 1841
455 2526 476 2564 ‚
568 2477 880 2569 quamvis
967 2475 1539 2571 Hypothecarum
1624 2479 1871 2549 Custos
1947 2481 2252 2574 ipsarum

227 2622 461 2667 rerum
543 2600 998 2695 depositarius
1075 2614 1202 2673 est.
1283 2600 1386 2671 Cf.
1460 2615 1590 2671 art.
1662 2600 1733 2672 2.
1807 2604 2003 2695 Legis
2073 2627 2127 2673 s,
2202 2602 2252 2671 l.

1048 2859 1437 2885 -ῃοΦ--ι

917 3068 1400 3127 SECTIO
1484 3072 1568 3128 11.

486 3300 569 3339 DE
610 3302 690 3339 ns
733 3301 903 3343 QUAE
945 3301 1340 3341 GRAPHIARIO
1383 3303 1542 3342 SUNT
1584 3304 1998 3345 OBSERVANDA

969 3406 1155 3447 CmCA
1199 3406 1520 3447 DEPOSITA.

1156 3603 1314 3699 §1-

371 3835 794 3906 Accedimus
891 3836 981 3904 ad
1073 3839 1544 3930 quaestionem
1639 3840 1810 3932 quid
1902 3866 2069 3912 num
2163 3848 2251 3917 sit

221 3958 734 4033 observandum
807 3956 1218 4054 Graphiario
1289 3964 1469 4032 circa
1543 3961 1849 4057 deposita
1874 3964 1913 4033 'l
1991 3993 2197 4061 quam
2226 4024 2247 4061 ,

219 4093 570 4180 quantum
644 4108 770 4177 per
841 4085 1014 4153 vires
1084 4084 1290 4175 licet,
1365 4087 1727 4158 enucleate
1798 4114 2157 4184 exponam.
