2934 5102
1171 633 1264 708 41

200 848 296 920 tis
372 844 718 943 (manifest
788 844 906 922 der
977 841 1234 939 ladiny)
1309 853 1380 912 et
1450 844 1697 914 ceteris
1766 843 2239 914 instrumentis

199 971 606 1042 memoratis
701 969 773 1038 in
868 978 1028 1037 artt.
1113 963 1262 1036 518
1333 979 1407 1036 et
1480 964 1646 1036 520.
1717 967 1793 1037 C.
1862 967 1953 1037 de
2020 969 2237 1038 mcth.

199 1118 406 1190 proc.
473 1095 544 1163 in
613 1092 689 1161 C.
759 1089 834 1160 C.

359 1216 476 1287 Ad
554 1215 868 1286 eamdem
951 1213 1163 1283 finem
1244 1209 1697 1308 Graphiarius
1768 1216 2011 1308 recipit
2085 1225 2239 1285 acta

201 1353 286 1412 et
357 1340 777 1411 documenta
852 1337 1099 1434 (Titels
1159 1362 1238 1407 en
1295 1337 1792 1430 bewq‘jsslukken
1850 1362 1976 1410 van
2031 1339 2241 1432 eiyen-

207 1464 412 1557 dom)
465 1463 714 1532 actoris
773 1462 1304 1550 intervenienti5‚
1377 1460 1466 1530 cf.
1544 1473 1673 1530 art.
1730 1460 1875 1532 559
1944 1462 2041 1532 al·
2108 1462 2243 1532 ult·

207 1590 291 1660 c.
367 1588 456 1658 de
525 1565 742 1656 meth.
816 1610 1008 1680 proc.
1081 1587 1154 1654 in
1224 1584 1300 1655 c.
1367 1585 1443 1654 c,

363 1712 458 1782 Ut
524 1708 815 1805 publica
883 1708 1274 1780 venditione
1351 1706 1531 1778 facta
1558 1760 1579 1797 ,
1654 1709 2029 1802 unicuique
2102 1733 2243 1780 cre·

209 1836 426 1907 ditori
519 1844 798 1927 pateat,
896 1845 1236 1926 quantum
1317 1833 1651 1925 pecuniae
1736 1835 2078 1927 supersit,
2166 1845 2245 1903 ut

211 1983 346 2032 sua
420 1958 679 2028 credita
749 1957 911 2027 inde
982 1958 1321 2051 accipiant
1347 2008 1366 2045 ‚
1433 1958 1804 2049 registrum
1858 1957 2247 2051 deponitur

215 2085 340 2154 cui
410 2082 885 2153 inscribuntur
954 2080 1191 2150 divisio
1217 2133 1236 2170 ‚
1333 2091 1404 2150 et
1481 2093 1623 2151 tota
1694 2105 1963 2151 summa
2036 2107 2245 2177 pecu-

213 2209 422 2297 niae,
495 2230 676 2301 quae
749 2230 834 2276 ex
905 2205 1296 2276 venditione
1351 2208 1687 2299 provenit.
1764 2206 1854 2277 cf.
1911 2220 2038 2278 art.
2098 2205 2248 2278 484

217 2331 303 2400 C.
375 2331 462 2400 de
529 2330 746 2400 meth.
818 2353 924 2423 pr.
997 2330 1069 2398 in
1139 2329 1214 2399 C.
1291 2328 1366 2399 C.
1463 2394 1469 2400 .

373 2455 628 2526 Eodem
713 2453 918 2525 modo
1001 2466 1362 2548 excerptae
1439 2479 1523 2524 ex
1604 2457 1907 2547 registris
1989 2456 2247 2549 quibus

213 2580 675 2675 Hypothecae
751 2579 1270 2668 inscribuntur,
1328 2578 1463 2649 hoc
1521 2603 1684 2649 casu
1767 2578 1857 2648 ad
1934 2580 2247 2649 archium

213 2703 622 2775 referuntur
645 2754 668 2791 ‚
735 2700 1328 2796 quemadmodum
1399 2701 1825 2773 conditiones
1896 2702 2029 2771 sub
2100 2703 2250 2796 qui·

217 2829 362 2899 bus
419 2828 820 2898 venduntur
885 2849 996 2895 res
1019 2877 1040 2916 ,
1115 2837 1184 2895 et
1257 2825 1610 2919 exemplar
1674 2825 2005 2921 epistolae
2068 2828 2251 2921 (aan-

209 2950 594 3050 plakbillet)
653 2973 832 3044 quae
895 2949 983 3018 ad
1045 2949 1247 3020 aedes
1311 2949 1645 3022 debitoris
1668 3002 1691 3040 ‚
1765 2952 1837 3020 in
1912 2950 2079 3022 locis
2162 2950 2253 3021 ad

221 3076 401 3145 haec
470 3076 812 3145 consuetis
837 3126 858 3163 ‚
933 3085 1003 3143 et
1071 3074 1161 3143 ad
1233 3073 1414 3144 foras
1489 3075 1855 3145 tribunalis
1903 3076 2254 3169 affigiturt,

221 3198 317 3268 fit
370 3199 534 3287 hoc,
594 3221 675 3267 eo
731 3195 1014 3268 consilio
1063 3208 1144 3266 ut
1182 3196 1402 3289 judex
1462 3198 1588 3269 illo
1648 3210 1888 3269 utatur
1940 3200 2010 3268 in
2058 3199 2256 3291 adju·

223 3323 523 3393 dicando
595 3323 850 3414 cuique
923 3320 1266 3391 creditori.
1335 3321 1449 3391 eff.
1514 3333 1654 3391 artt
1746 3319 1894 3392 516
1958 3334 2030 3392 et
2084 3320 2254 3391 517.

225 3448 307 3518 C.
380 3447 469 3516 de
536 3445 752 3516 meth.
822 3469 1012 3539 proc.
1083 3447 1156 3516 in
1223 3445 1426 3515 Caus.
1499 3444 1641 3515 Civ.
1763 3446 1849 3514 In
1932 3444 2256 3516 eumdem

224 3572 443 3641 finem
539 3570 916 3663 deponitur
1008 3569 1220 3663 apud.
1290 3566 1783 3663 Graphiarium
1890 3569 2258 3663 descriptio

224 3692 651 3790 (inveniaris)
743 3693 1054 3763 omnium
1137 3716 1318 3787 quae
1397 3691 1609 3763 debet
1700 3692 2043 3764 hereditas
2064 3746 2091 3783 ,
2186 3707 2260 3765 et

221 3819 542 3891 omnium
614 3839 796 3911 quae
864 3817 1030 3887 huic
1103 3816 1451 3887 debentur
1477 3868 1497 3907 ‚
1581 3818 1636 3887 si
1714 3817 2015 3888 creditor
2058 3820 2262 3924 petit

223 3944 607 4015 cessionem
680 3940 1024 4011 bonorum
1090 3941 1519 4034 judicialem.
1596 3941 1685 4011 cf.
1760 3953 1889 4012 art.
1951 3937 2115 4011 712.
2185 3942 2261 4013 C.

221 4068 322 4137 de
398 4065 615 4136 meth.
695 4088 800 4159 pr.
887 4066 957 4134 in
1039 4064 1114 4135 C.
1196 4065 1273 4135 C.
1405 4065 1571 4137 Mihi
1648 4064 1878 4137 adhuc
1948 4078 2263 4161 superest
