2934 5102
1708 629 1780 671 vI

728 812 986 906 eqreqia
1059 821 1173 883 tua
1242 812 1653 883 institutione
1677 864 1697 901 ,
1768 811 1958 905 cujus
2020 834 2378 906 numquam
2420 811 2760 882 immemor

729 962 839 1008 ero
862 990 882 1027 ,
945 938 1180 1032 optime
1237 938 1316 1009 de
1373 962 1475 1008 me
1528 936 1895 1032 studiisque
1952 937 2112 1006 meis
2160 936 2434 1006 meritus
2484 961 2551 1006 es
2577 989 2596 1026 ‚
2654 961 2755 1006 ve-

729 1087 879 1133 rum
935 1063 1133 1133 etiam
1158 1117 1178 1152 ‚
1238 1086 1441 1158 quum
1500 1061 1673 1132 huno
1730 1061 2203 1131 conscribebam
2264 1061 2554 1132 libellum
2579 1114 2599 1150 ‚
2656 1061 2759 1132 ita

720 1194 1038 1282 perpetuo
1111 1187 1400 1258 consiliis
1474 1186 1605 1256 tuis
1676 1186 2129 1257 saluberrimis
2200 1195 2264 1257 et
2330 1187 2583 1258 auoeilio
2643 1196 2758 1257 tuo

723 1320 988 1406 praesto
1043 1311 1208 1382 mihi
1265 1312 1482 1404 fuisti.
1592 1311 2002 1382 Persuasum
2071 1311 2215 1382 Tibi
2271 1313 2403 1402 sit,
2480 1336 2708 1384 eorum
2734 1365 2753 1401 ‚

729 1461 898 1532 quae
965 1437 1082 1508 tibi
1138 1437 1330 1508 debeo
1355 1491 1375 1528 ,
1446 1437 1826 1508 oblivionem
1868 1460 2227 1532 numquam
2275 1461 2376 1508 me
2425 1461 2561 1508 esse
2608 1462 2757 1531 eap-

732 1570 974 1632 turum.

879 1686 1073 1759 Vobis
1143 1710 1398 1782 quoque
1423 1739 1443 1776 ‚
1529 1686 1659 1756 viri
1731 1685 2107 1757 Clarissimi
2177 1709 2337 1756 coel<
2365 1739 2384 1776 ,
2458 1712 2539 1755 DE
2604 1711 2758 1756 wAL

729 1821 792 1883 et
860 1810 1224 1882 vlssmune!
1302 1836 1430 1905 pro
1504 1811 1912 1881 institutione
1982 1820 2197 1882 vestra
2222 1865 2241 1900 ‚
2328 1835 2409 1882 em
2480 1811 2761 1907 quain

726 1937 927 2008 vitam
999 1961 1210 2008 meam
1291 1959 1541 2007 omnem
1617 1936 1979 2008 uberrimos
2062 1936 2543 2008 redundaturos
2618 1960 2760 2007 esse

729 2064 994 2156 fructus
1069 2070 1133 2132 et
1214 2085 1402 2156 spero
1485 2069 1548 2132 et
1628 2060 1877 2154 confido
1904 2114 1924 2151 ,
2018 2060 2270 2153 qratias
2354 2085 2474 2154 ayo
2556 2085 2761 2155 quam

729 2187 1070 2258 maximas.

878 2311 1012 2383 Nee
1081 2311 1280 2382 vestri
1305 2364 1325 2401 ‚
1406 2310 1581 2406 quod
1652 2311 1819 2382 hane
1892 2310 2414 2382 dissertationem
2480 2311 2762 2382 consori-

733 2437 906 2508 benti
952 2436 1118 2508 mihi
1155 2436 1587 2531 praestitistis
1632 2435 1872 2507 auxilii
1920 2435 2257 2506 immemor
2289 2459 2427 2506 esse
2472 2435 2721 2530 possim
2732 2465 2761 2516 ,-

731 2564 879 2635 licet
921 2564 1171 2635 debitas
1217 2587 1535 2659 nequeam
1572 2563 1941 2658 persolvere
1984 2570 2204 2655 qrates
2222 2600 2249 2652 ·,
2310 2569 2595 2633 attamen
2641 2561 2763 2633 ha-

729 2689 880 2761 bebo
921 2690 1086 2762 dum
1139 2688 1370 2760 vivam.

886 2814 1078 2886 Vobis
1126 2822 1343 2884 autem
1369 2866 1388 2903 ‚
1464 2812 1862 2885 Amicissimi
1917 2811 2399 2883 Commilitones
2426 2864 2446 2901 ‚
2520 2811 2765 2883 valedi-

729 2963 876 3010 cens
929 2940 1092 3010 bona
1139 2938 1406 3034 quaevis
1453 2946 1517 3008 et
1550 2937 1852 3030 jucunda
1898 2960 2231 3031 appreoor.
2338 2936 2409 3009 N
2404 2961 2486 3007 on
2532 2960 2769 3008 vereor

729 3064 1027 3160 equidem
1051 3117 1071 3154 ,
1142 3087 1223 3133 ne
1279 3062 1511 3133 absens
1565 3086 1791 3133 eorum
1846 3061 2189 3133 obliviscar
2214 3114 2233 3152 ,
2308 3086 2470 3157 quos
2518 3061 2591 3131 in
2636 3062 2773 3134 hac

729 3189 906 3260 alma
964 3189 1315 3259 Musarum
1369 3187 1517 3257 sede
1542 3240 1561 3277 ‚
1610 3186 1825 3257 amavi
1871 3194 1935 3257 et
1976 3186 2200 3259 dilexi.
2304 3187 2440 3257 Mei
2486 3211 2568 3257 ne
2615 3212 2771 3259 unz-

731 3338 929 3410 quam
1000 3313 1146 3385 sitis
1187 3312 1643 3384 immemores!
