2934 5102
1168 619 1259 692 71

200 833 469 902 minum
494 885 514 922 ,
591 832 869 926 quibus.
924 832 995 901 in
1069 832 1325 901 civium
1384 829 1831 903 commodum
1860 884 1881 923 ,
1945 847 2231 906 cavetur

203 979 287 1026 ne
358 956 550 1026 tituli
622 980 865 1026 eorum
938 954 1297 1026 domestici
1368 956 1574 1028 facile
1643 958 2006 1028 intereant.

341 1080 724 1174 Postquam
802 1081 1025 1174 patria
1104 1093 1341 1150 nostra
1412 1105 1451 1150 a
1527 1081 1581 1150 F
1581 1083 1854 1153 raneico
1905 1085 2228 1177 'imperio

206 1205 495 1276 liberata
580 1217 684 1275 est
710 1249 762 1294 ,·
794 1216 863 1274 et
947 1206 1238 1275 civitatis
1322 1217 1393 1274 et
1465 1206 1796 1276 ecclesiae
1853 1207 2228 1300 disjunctio

200 1329 566 1426 (scheidinq
625 1354 753 1401 van
808 1329 972 1400 kerk
1038 1353 1121 1400 en
1191 1329 1395 1426 staat)
1458 1331 1693 1402 locum
1751 1333 2001 1402 habuit
2027 1387 2046 1424 ‚
2109 1334 2226 1405 do·

202 1469 533 1527 cumenta
578 1457 709 1526 ista
756 1455 1087 1526 ecclesiae
1153 1454 1478 1549 adempta
1529 1469 1600 1526 et
1660 1459 1950 1529 civitatis
1998 1473 2230 1531 custo·

207 1579 353 1652 diae
429 1581 683 1649 tradita
756 1591 923 1650 sunt
1000 1579 1089 1650 ef.
1150 1604 1472 1649 vntum*
1545 1581 1826 1651 Handb.
1879 1607 2044 1653 voor
2092 1585 2232 1656 den

202 1704 637 1776 Ambtenaar
694 1729 827 1774 van
886 1704 1023 1774 den
1094 1705 1303 1798 Burg.
1374 1705 1592 1774 Stand
1618 1759 1639 1794 ‚
1717 1706 1805 1775 ad
1875 1731 2035 1801 pag.
2110 1707 2230 1779 11.

342 1831 473 1900 His
548 1832 851 1922 registris
924 1831 1371 1900 continentur
1418 1841 1572 1900 acta
1623 1828 1732 1900 de·
1762 1842 1946 1901 statu
2001 1833 2230 1924 civili,

204 1978 383 2046 quae
466 1956 679 2048 igitur
760 1955 992 2048 potius
1079 1952 1434 2024 custodiae
1529 1953 1855 2025 mandata
1937 1956 2232 2028 dicenda

204 2092 366 2149 sunt
392 2133 413 2170 ,
491 2103 701 2173 quam
776 2079 1063 2171 registra
1136 2101 1319 2172 quae
1395 2088 1551 2148 acta
1613 2081 1990 2151 continent.
2101 2083 2231 2154 De·

210 2203 427 2276 finitio
524 2205 680 2274 talis
778 2204 915 2272 acti
956 2231 963 2236 ·
1012 2203 1189 2273 haec
1284 2215 1432 2272 est:
1577 2215 1732 2274 acta
1826 2207 1899 2276 in
1983 2231 2232 2300 genere

206 2343 368 2399 sunt
439 2331 693 2421 scripta
721 2379 742 2417 ,
818 2350 999 2421 quae
1071 2328 1215 2421 ipsa
1279 2326 1704 2399 documento
1777 2344 1942 2401 sunt
2013 2333 2104 2404 de
2151 2334 2233 2403 iis

208 2478 382 2547 quae
456 2455 814 2524 continent
887 2451 977 2522 cf.
1054 2477 1373 2522 vuum-r
1432 2477 1495 2522 0.
1559 2479 1612 2523 s.
1662 2454 1710 2522 l.
1761 2455 1851 2524 ad
1900 2481 2060 2550 pag.
2111 2455 2231 2527 49.

210 2579 329 2650 His
383 2582 558 2651 actis
618 2580 1061 2649 continentur
1108 2577 1610 2647 declarationes
1659 2590 1783 2647 aut
1833 2584 2234 2652 testationes

208 2702 608 2801 (aanqiften)
684 2703 773 2773 de
847 2704 927 2772 iis
998 2725 1180 2795 quae
1253 2700 1365 2771 lex
1438 2702 1818 2795 unicuique
1876 2728 2003 2773 suo
2063 2716 2234 2776 tem-

208 2853 368 2923 pore
423 2829 681 2901 referre
729 2827 819 2897 ad
869 2828 1351 2919 magistratum
1401 2828 1523 2919 qui
1573 2828 1875 2919 registris
1910 2841 2070 2899 stat.
2099 2833 2229 2919 civ.

208 2960 479 3049 prae‘est
504 3007 525 3043 ‚
579 2953 809 3047 jubet.
872 2951 1073 3021 Doet.
1145 2974 1465 3020 vntum·
1512 2964 1829 3023 nostrum
1879 2958 2232 3050 magistra·

209 3086 355 3151 tum
442 3090 690 3150 vocat:
792 3103 824 3145 «
856 3075 1227 3147 bewaarder
1306 3076 1427 3147 der
1506 3077 1965 3174 verklarinyen
2033 3082 2233 3154 welhe
2295 3082 2300 3085 ’

208 3230 240 3272 «
262 3207 561 3301 partijm
633 3204 781 3275 hem
850 3200 1075 3272 doen»
1150 3199 1272 3295 (cf.
1334 3224 1494 3295 pag.
1556 3198 1702 3293 15.)
1814 3204 1938 3273 sed
1999 3217 2078 3274 ut
2139 3208 2231 3275 vi·

206 3330 415 3403 detur
510 3332 738 3401 minus
835 3339 1157 3398 accurate
1184 3334 1215 3395 ε’
1297 3328 1446 3420 ipsa
1521 3327 1705 3395 enim
1775 3327 2023 3400 relatio
2091 3354 2231 3401 non

206 3470 434 3549 potest
506 3454 884 3541 custodiri,
958 3451 1081 3521 sed
1154 3452 1387 3544 potius
1456 3462 1692 3520 actum
1719 3504 1740 3541 ‚
1791 3476 1878 3522 ex
1928 3478 2070 3547 quo
2126 3478 2230 3525 re-

208 3581 371 3654 latio
448 3591 737 3676 apparet
762 3630 783 3669 ,
859 3601 967 3648 res
1037 3576 1351 3670 deposita
1429 3575 1833 3647 habendum
1908 3590 2034 3649 est.

346 3708 666 3800 Registra
739 3705 952 3797 igitur
1022 3713 1187 3772 sunt
1244 3724 1323 3771 ea
1382 3701 1843 3772 instrumenta
1870 3756 1890 3792 ‚
1951 3705 2024 3773 in
2072 3706 2231 3799 qui-

207 3832 335 3905 bus
420 3843 574 3903 acta
654 3831 1147 3913 inveniunturt,
1256 3827 1402 3897 sine
1485 3824 1705 3897 dubio
1788 3830 2231 3923 magistratus

206 3973 437 4031 noster
508 3956 967 4051 depositarius
1039 3952 1290 4022 horum
1361 3951 1811 4043 registrorum
1878 3956 2232 4025 nominan-

206 4084 335 4157 dus
408 4095 561 4173 est,
640 4095 720 4153 ut
790 4080 1187 4150 nominatur
1258 4078 1328 4147 in
1406 4074 1542 4145 art⁰
1611 4074 1709 4146 27
1769 4078 1844 4149 C.
1896 4079 2018 4169 C.‚
2070 4082 2233 4186 quia
