2934 5102
1198 639 1293 714 17

210 864 413 924 recto
483 849 722 920 ordine
793 861 945 920 acta
995 861 1127 920 etc.
1187 848 1533 940 custodit,
1583 853 1731 942 jam
1790 861 2039 944 peccat
2087 876 2247 924 con-

213 989 339 1046 tra·
387 973 918 1069 jusjurandum
951 973 1216 1044 datum.

363 1101 529 1170 Mihi
599 1099 874 1170 videtur
940 1101 1098 1194 quis
1167 1111 1340 1170 tunc
1407 1100 1694 1172 demum
1766 1115 1959 1174 recto
2008 1104 2249 1176 ordine

217 1225 572 1296 custodire
595 1279 616 1314 ,
689 1233 912 1319 quum
989 1225 1442 1296 instrumenta
1472 1279 1493 1316 ‚
1580 1249 1759 1321 quae
1834 1229 2109 1322 perficit
2179 1243 2251 1302 et

218 1373 526 1444 quorum
620 1349 1014 1444 apographa
1106 1352 1360 1439 sumit,
1460 1350 1761 1444 disponit
1862 1355 2251 1426 secundum

223 1473 534 1546 ordinem
602 1475 928 1567 temporis
954 1525 973 1562 ,
1045 1497 1188 1567 quo
1243 1475 1498 1566 scripta
1546 1476 1655 1545 vel
1704 1476 2013 1570 deposita
2060 1493 2250 1550 sunt.

223 1600 312 1668 In
377 1600 680 1692 registris
747 1597 1086 1668 habendis
1131 1598 1374 1668 eadem
1424 1623 1591 1670 cura
1619 1653 1639 1690 ,
1700 1601 2023 1697 idemque
2084 1617 2253 1674 tem·

222 1725 414 1818 poris
503 1723 670 1795 ordo
751 1723 1178 1794 observanda
1259 1746 1406 1794 esse
1469 1723 1821 1794 videntum
1923 1727 2257 1822 Praecep-

226 1862 382 1919 tum
438 1849 574 1920 hoc
631 1849 720 1919 de
777 1860 967 1918 certo
1028 1849 1268 1918 ordine
1313 1849 1768 1921 custodiendo
1794 1904 1815 1941 ,
1888 1853 2103 1946 magis
2150 1877 2255 1923 re-

225 1975 430 2068 spicit
479 1973 550 2043 id
577 2026 597 2063 ‚
670 1972 861 2067 quod
907 1996 1032 2044 nos
1075 1972 1371 2044 dicimus
1423 1973 1604 2044 «het
1650 1974 1933 2046 houden
1981 1977 2107 2048 der
2150 2001 2255 2048 re-

227 2101 472 2192 gisters
501 2124 558 2168 i).
603 2139 704 2151 -—
752 2097 1000 2194 Altera
1048 2121 1230 2190 ‚pars
1282 2101 1639 2193 praecepti
1694 2100 1823 2170 arti
1887 2098 1978 2171 61
2011 2099 2025 2160 J
2044 2105 2254 2197 respi-

225 2226 330 2294 cit
399 2223 782 2292 custodiam
805 2273 826 2312 ‚
909 2222 982 2291 id
1055 2235 1158 2293 est
1184 2273 1210 2311 ‚
1285 2223 1579 2294 modum
1647 2249 1791 2319 >quo
1858 2226 2253 2322 depositum

227 2347 482 2418 debeat
550 2370 952 2418 conservare
1019 2370 1108 2417 ne
1176 2361 1438 2440 pereat.
1542 2349 1763 2444 Supra
1814 2353 1963 2444 jam
2014 2351 2254 2422 lauda·

228 2487 348 2544 tus
397 2473 738 2544 articulus
794 2470 1053 2559 indicat
1078 2525 1100 2563 ‚
1161 2472 1396 2568 ‘qualis
1453 2475 1541 2544 sit
1594 2475 1813 2546 locus„
1845 2501 1988 2571 quo
2031 2477 2255 2572 dispo-

223 2600 533 2688 nendum
593 2609 720 2667 est.
819 2596 1042 2669 Locus
1091 2598 1304 2669 debet
1345 2622 1492 2669 esse
1532 2610 1730 2695 aptus
1779 2614 1851 2671 et
1902 2611 2107 2674 tutu&
2156 2644 2257 2656 —-

224 2724 647 2795 Tabellionis-
713 2733 817 2791 est
873 2723 1190 2815 judicare
1214 2776 1234 2813 ,
1282 2724 1566 2817 qualem
1608 2738 1877 2819 partem
1930 2708 2209 2797 aedium
2233 2781 2254 2818 ‚

223 2850 438 2944 quale
509 2848 840 2919 scrinium
895 2849 969 2918 in
1024 2848 1148 2919 illa
1206 2861 1406 2942 parte
1458 2862 1581 2919 aut
1638 2850 1973 2922 eubiculo
2027 2856 2257 2945 sejun-

223 2999 390 3068 gere
461 2972 761 3062 debeat,
839 2984 920 3042 ut
989 2972 1168 3044 bene
1238 2987 1661 3069 exsequatur
1716 2976 1931 3071 hujus
1980 2978 2257 3049 articuli

216 3104 548 3192 jussum·
616 3121 842 3191 neque
914 3098 1026 3167 lex
1096 3098 1691 3192 quemadmodum
1763 3103 1835 3171 in
1905 3114 2034 3173 art.
2110 3100 2256 3174 810

225 3224 306 3294 C.
355 3224 446 3293 M.
498 3242 714 3317 genus
759 3224 1167 3336 scriniorum
1212 3223 1492 3295 indicat.

374 3346 984 3441 Quemadmodum
1049 3330 1414 3439 novimus,
1488 3304 1943 3443 depositarius
2015 3352 2088 3420 in
2144 3376 2257 3445 ges·-

225 3497 394 3544 nere
425 3472 640 3544 debet
685 3472 1018 3543 abhibere
1065 3496 1218 3543 eam
1266 3498 1533 3564 curam,
1581 3496 1793 3567 quam
1828 3476 1909 3543 in
1955 3476 2095 3546 suis
2142 3476 2257 3545 ad-

227 3600 470 3671 hibere
546 3597 767 3669 solet:
854 3599 910 3669 si
983 3610 1382 3669 contractus
1450 3598 1743 3691 depositi
1812 3602 2210 3695 exemplum
2238 3656 2257 3693 ,

227 3723 504 3794 confert
566 3746 778 3793 unam
850 3723 961 3793 vel
1028 3724 1268 3817 plures
1341 3746 1424 3793 ex
1491 3735 1793 3818 quatuor
1858 3725 2263 3797 conditioni-

228 3850 370 3919 bus
420 3850 490 3917 in
546 3846 682 3917 art⁰
740 3844 956 3917 1-744.
1015 3848 1092 3918 C.
1147 3848 1221 3919 C.
1269 3850 1667 3919 memoratis
1692 3901 1713 3940 ‚
1767 3862 1939 3921 tunc
1988 3852 2079 3921 ad
2123 3878 2263 3923 ma-

218 3978 454 4068 Jorem
497 3996 738 4043 curam
783 3984 854 4043 et
903 3973 1292 4058 custodiam
1337 3973 1695 4052 meliorem
1743 3987 2043 4048 tenetur.
2108 3977 2265 4049 Cer-

229 4111 308 4169 te
377 4097 690 4169 Tahellio
760 4098 896 4170 dici
963 4110 1196 4193 potest
1265 4098 1713 4171 honorarium
1782 4102 2096 4196 accipere
2143 4122 2269 4197 pro

1734 4223 1781 4295 2
