2934 5102
1154 645 1206 720 3

165 859 695 954 prehenduntur
717 911 738 948 ,
814 861 1118 930 muneris
1201 860 1540 932 rationem
1622 886 1963 958 exponere
2044 862 2191 934 lon·

165 1011 330 1078 gum
380 997 528 1056 est:
579 984 806 1056 solum
871 983 1303 1055 custodiendi
1351 986 1659 1057 officium
1707 1011 1903 1058 meae
1950 986 2192 1058 disser-

166 1113 444 1182 tationis
515 1121 1006 1203 argumentum
1080 1109 1353 1180 efficiet.

308 1236 377 1305 Si
445 1237 840 1330 quaerimus
909 1257 1091 1328 quae
1131 1233 1326 1304 hisce
1375 1235 1785 1307 custodibus
1834 1261 1998 1308 cum
2042 1238 2191 1331 ipsa

165 1363 440 1432 civitate
485 1359 921 1431 necessitudo
961 1359 1348 1430 intercedat
1371 1413 1391 1451 ‚
1440 1361 2004 1455 respondendum
2048 1374 2185 1453 est,

162 1486 324 1556 illos·
387 1486 459 1555 in
528 1484 982 1556 custodiendo
1054 1497 1286 1578 partes
1357 1485 1571 1578 hujus
1641 1509 1845 1579 agere
1868 1539 1887 1577 ,
1962 1489 2059 1557 ita
2106 1498 2189 1556 ut

163 1612 396 1681 civitas
487 1611 636 1706 ipsa
727 1610 1166 1705 aliquatenus
1254 1608 1547 1680 dicenda
1654 1612 1743 1681 sit
1848 1613 2218 1683 sustinere

163 1736 556 1829 depositarii
671 1757 1058 1829 personam.
1216 1732 1802 1829 Quandoquidem
1897 1725 2189 1808 civitatis

165 1859 608 1931 commodum
687 1858 978 1953 requirit
1053 1869 1136 1928 ut
1203 1857 1587 1928 nonnullae
1658 1881 1768 1929 res
1839 1860 1913 1929 in
1978 1859 2188 1954 depo-

163 1987 292 2056 sito
362 1984 800 2056 collocentur
823 2036 844 2074 ,
919 1995 1148 2054 certae
1219 1985 1743 2054 constituuntur
1807 2008 2141 2078 personae
2166 2037 2187 2075 ,

163 2110 422 2204 quihus
501 2108 926 2178 mandantur
1007 2108 1180 2178 haec
1269 2109 1493 2178 officia
1518 2162 1538 2199 ‚
1635 2111 1899 2205 quique
1978 2111 2190 2204 igitur

166 2257 402 2304 omnes
471 2256 570 2320 ex,
625 2244 990 2303 contractu
1062 2244 1406 2303 tenentur.

310 2360 719 2429 Contractus
798 2358 1110 2429 mandati
1189 2369 1292 2429 est
1365 2370 1766 2429 contractus
1849 2332 2188 2454 principa·

165 2485 249 2556 lis
273 2537 295 2575 ‚
346 2508 488 2579 quo
547 2483 834 2577 obligati
890 2494 1054 2555 sunt
1077 2535 1099 2574 ,
1158 2507 1414 2565 munus
1473 2484 1792 2555 ineuntes
1818 2537 1838 2575 ‚
1886 2484 2007 2555 sed
2054 2481 2190 2556 h'oc

166 2622 442 2681 tantum
509 2620 783 2703 spectat
852 2632 1112 2679 munus
1172 2610 1512 2709 universe.
1615 2609 1685 2678 Si
1734 2588 1976 2680 verum
2037 2622 2140 2680 est
2165 2662 2187 2701 ‚

163 2736 646 2829 magistratum
733 2756 860 2826 pro
957 2734 1234 2803 civitate
1331 2731 1715 2827 quidquam
1795 2734 2142 2806 custodire
2165 2788 2186 2825 ‚

165 2886 330 2932 cum
405 2859 530 2929 illo
610 2871 969 2954 tamquam
1049 2880 1341 2952 persona
1407 2857 1775 2952 principali
1842 2859 2190 2953 agendum

163 2998 268 3085 est
294 3038 314 3077 ‚
385 2986 528 3055 imo·
576 2986 812 3054 civitas
861 2995 932 3055 et
972 2985 1416 3077 magistratus
1442 3036 1462 3073 ‚
1537 3007 1747 3054 unam
1792 2987 1991 3079 quasi
2028 2988 2189 3079 ’per-

161 3135 405 3183 sonam
476 3108 746 3180 efficere
813 3108 1091 3179 dicendi
1143 3118 1344 3179 sunt.

312 3233 642 3327 Quamvis
710 3246 944 3313 autem
1012 3235 1464 3327 magistratus·
1509 3258 1765 3328 poenas
1822 3236 2019 3306 luere
2072 3234 2189 3307 de·

163 3361 329 3433 beat
351 3414 372 3451 ‚
447 3363 504 3431 si
569 3360 754 3431 male
821 3382 930 3430 res
995 3358 1398 3431 custodierit
1421 3412 1442 3449 ‚
1510 3362 1675 3451 jure
1721 3371 1957 3431 tamen
2004 3359 2189 3432 vide·

164 3500 284 3558 tur
317 3474 555 3558 civitas
601 3484 1012 3581 depositaria
1059 3508 1348 3579 persona
1393 3482 1669 3575 haberi,
1718 3508 1847 3579 pro
1893 3486 2188 3556 nonnul·

161 3612 250 3681 lis
319 3612 532 3683 rebus
601 3634 784 3705 quae
840 3612 1277 3705 magistratui
1333 3612 1407 3681 in
1463 3609 1859 3705 depositum
1908 3610 2189 3681 tradun-

163 3750 310 3808 tur.
409 3736 583 3806 Fieri
637 3748 868 3830 potest
894 3789 914 3826 ‚
968 3748 1050 3806 ut
1103 3732 1561 3830 Graphiarius
1619 3734 2005 3807 Tribunalis
2064 3750 2190 3809 aut

159 3884 461 3958 persona
517 3861 606 3929 sit
661 3874 942 3953 prorsus
995 3860 1196 3931 nobis
1251 3862 1486 3953 ignota
1510 3912 1531 3949 ,
1584 3871 1707 3930 aut
1751 3860 1944 3956 quod
1987 3866 2191 3957 pejus

161 3999 272 4058 est
297 4040 317 4077 ‚
370 3986 812 4081 turpissima3
871 3985 1320 4057 nihilominus
1375 3984 1569 4079 apud
1627 4008 1789 4057 eum
1845 3986 2191 4082 deponere

161 4114 482 4206 cogimur
503 4164 524 4202 ‚
599 4110 791 4205 quod
845 4136 1229 4205 numquam
1284 4110 1669 4183 faceremus
1693 4163 1716 4202 ‚
1784 4112 1910 4182 nisi
1958 4112 2193 4184 discri-

1596 4233 1711 4304 1*
