2934 5102
1184 660 1280 731 9¹7

217 869 418 940 dente
442 924 462 960 ‚
548 869 637 939 ad
708 894 1010 964 quorum
1080 893 1394 940 normam
1461 868 1825 963 judicandi
1894 880 2102 960 sunt,
2183 873 2240 941 si

215 995 393 1087 quod
468 995 811 1065 delictum
880 1006 1362 1089 perpetratum
1389 1045 1409 1083 ,
1485 1006 1609 1063 aut
1677 995 1733 1063 si
1801 1018 1940 1089 qua
2021 996 2238 1086 negli-

214 1121 435 1210 gentia
510 1120 873 1189 commissa
946 1131 1073 1189 est.
1196 1118 1377 1188 Hinc
1441 1121 1590 1210 jam
1661 1130 1901 1212 patet,
1977 1132 2236 1190 restare

210 1243 281 1311 in
356 1244 543 1314 hisce
624 1245 1013 1338 praeceptis
1099 1243 1291 1313 haud
1388 1267 1612 1337 pauca
1711 1268 1894 1339 quae
1993 1268 2236 1339 quaes·

214 1368 508 1438 tionibus
582 1369 993 1461 dignissimis
1072 1392 1254 1463 quae
1324 1367 1490 1437 data
1583 1392 1792 1463 opera
1890 1392 2236 1464 exponan-

209 1503 367 1583 tur,
442 1517 679 1563 ansam
752 1493 1088 1587 praebere
1161 1494 1471 1587 possint:

349 1615 423 1686 1⁰
473 1615 663 1709 Quid
727 1641 914 1688 num
992 1617 1290 1688 voluerit
1371 1616 1726 1708 legislator
1805 1640 1934 1711 per
2019 1618 2234 1688 verba

206 1742 275 1809 in
342 1749 483 1812 art⁰
554 1740 651 1811 12
730 1768 786 1812 s.
867 1743 917 1812 1.
1004 1769 1035 1811 «
1063 1742 1175 1813 het
1244 1741 1412 1835 Rffla
1480 1741 1542 1811 is
1611 1741 2108 1837 aansprakelg‘jk
2130 1768 2162 1811 »
2189 1745 2232 1813 ἒ

349 1866 429 1937 20
480 1866 731 1961 Qualia
773 1870 1233 1938 instrumenta
1267 1867 1664 1937 indicentur
1695 1891 1821 1961 per
1863 1867 2068 1938 verba
2106 1867 2232 1938 «de

205 1993 277 2063 in
323 1994 643 2087 bomar-inq
709 1993 931 2086 zijnde
986 1992 1265 2063 stulclcen
1294 2018 1325 2062 »
1398 1994 1471 2062 in
1541 1993 1784 2061 eodem
1867 1993 2164 2063 articulo
2187 1991 2228 2060 ’ἶ

348 2117 429 2188 50
479 2118 733 2190 Utrum
802 2129 1257 2211 praeceptum
1316 2120 1386 2187 in
1434 2122 1575 2186 art0
1622 2114 1718 2185 12
1765 2130 2226 2191 memoratum

204 2244 290 2312 sit
360 2233 683 2337 generale
752 2265 839 2310 an
910 2241 1208 2335 speciale
1234 2238 1287 2339 ?·

346 2366 429 2437 40
476 2364 837 2459 Quatenus
922 2366 1045 2435 arti
1117 2362 1215 2434 12
1300 2366 1510 2437 verba
1598 2366 2009 2461 proferenda
2091 2368 2228 2437 sint

205 2492 291 2563 ad
360 2492 485 2562 art¹
546 2489 643 2562 15
710 2502 1080 2586 praecepta
1106 2488 1145 2559 ?

345 2619 553 2688 Hisce
651 2616 1173 2712 quaestionibus
1262 2617 1590 2710 expositis
1614 2669 1635 2705 ‚
1729 2615 1932 2687 facile
2024 2615 2226 2688 nobis

202 2742 565 2840 apparebit
610 2742 837 2837 qualis
892 2742 1103 2836 culpa
1152 2740 1243 2810 ab
1290 2740 1868 2835 Hypothecarum
1918 2740 2226 2812 Custode

200 2871 558 2962 exigatur,
630 2866 822 2962 quod
879 2868 950 2936 in
998 2866 1213 2958 hujus
1259 2867 1581 2935 sectionis
1627 2867 1968 2959 principio
2015 2889 2228 2961 quae-

200 2995 503 3064 sivimus.
612 2991 990 3062 Videamus
1061 2988 1148 3059 ad
1221 2991 1563 3084 primam:
1639 2991 2226 3062 animadversione

198 3117 489 3212 dignum
546 3127 695 3205 est,
771 3115 962 3210 quod
1030 3117 1101 3184 in
1160 3139 1299 3184 uno
1348 3115 1564 3186 110333
1613 3117 1910 3186 articulo
1957 3117 2227 3208 legisla-

197 3255 305 3314 tor
375 3243 722 3312 civitatem
786 3241 1005 3333 ipsam
1076 3241 1489 3330 spectaverit
1531 3238 2017 3332 depositariam
2066 3262 2224 3333 per-

195 3391 459 3439 sonam.
581 3366 803 3459 Supra
830 3417 851 3454 ‚
908 3366 979 3434 in
1038 3363 1263 3457 capite
1311 3362 1399 3432 de
1450 3361 1878 3456 depositariis
1919 3363 2227 3457 publicis

194 3496 561 3580 universe,
610 3489 1083 3559 demonstrare
1129 3498 1420 3558 conatus
1467 3510 1623 3556 sum
1650 3538 1671 3575 ‚
1721 3488 2000 3556 omnino
2045 3485 2227 3557 hanc

191 3615 613 3711 qualitatem
685 3615 747 3683 ei
818 3635 965 3683 esse
1036 3610 1480 3681 tribuendam
1539 3607 1703 3706 (1),
1777 3608 1941 3680 licet
1989 3612 2226 3682 civitas

190 3741 636 3814 constituerit
714 3739 1195 3831 magistratum
1274 3736 1554 3806 nomine
1633 3734 2030 3827 depositarii
2098 3760 2226 3830 pu·

189 3867 363 3938 blici
434 3866 878 3958 insignitum,
952 3865 1065 3934 cui
1136 3864 1231 3932 ita
1294 3863 1591 3932 civitatis
1639 3861 1946 3932 officium
1997 3877 2226 3936 custo·

314 4139 409 4216 (l)
454 4137 545 4195 Cf.
596 4157 729 4214 pag.
780 4139 837 4194 3.
