2934 5102
1661 611 1756 683 72

698 825 881 895 bona
958 822 1271 895 custodia
1344 824 1764 918 praecipuus
1829 834 1938 893 oet
1991 822 2152 894 finis
2173 876 2197 915 ‚
2257 825 2330 895 in
2389 848 2606 920 quem
2649 848 2716 895 ea

696 950 981 1042 registra
1056 950 1119 1017 ei
1192 949 1754 1019 committuntur.

840 1070 1163 1165 Quatuor
1238 1083 1404 1143 sunt
1483 1094 1778 1143 numero
1871 1095 1952 1142 ea
2043 1073 2336 1165 registra
2361 1126 2386 1163 ,
2483 1097 2721 1166 nempe

698 1196 779 1267 1⁰
828 1198 1203 1267 nativitatis
1227 1249 1251 1285 ,
1322 1194 1405 1264 2ο
1462 1198 1534 1265 in
1584 1196 1843 1291 quibus
1893 1195 2400 1267 declarationes
2451 1208 2525 1267 et
2573 1221 2719 1291 pro-

697 1321 1157 1414 mulgationes
1240 1321 1660 1391 matrimonii
1737 1320 2219 1392 inscribuntur
2245 1372 2266 1411 ,
2354 1320 2435 1391 50
2507 1324 2718 1415 nupti·

696 1470 897 1523 arum
970 1457 1041 1515 et
1112 1444 1432 1536 divortii,
1509 1457 1582 1517 et
1653 1443 1737 1514 4⁰
1805 1448 1878 1515 in
1945 1446 2208 1541 quibus
2263 1471 2460 1517 mors
2527 1448 2716 1518 adno-

700 1582 912 1641 tatur.

842 1694 1157 1767 Consult.
1252 1720 1574 1765 vnn-mur
1653 1695 1826 1765 haec
1915 1698 2204 1789 registra
2291 1710 2501 1767 vocat
2580 1708 2714 1765 tum

702 1847 733 1889 «
760 1820 1121 1891 dmninium
1166 1820 1447 1891 ”mxime
1491 1819 1854 1913 pretiosum
1895 1819 2136 1891 civium
2157 1848 2220 1910 ,»
2271 1820 2364 1892 cf.
2415 1845 2716 1891 nmini·

700 1970 763 2015 o.
814 1970 868 2015 s.
922 1945 971 2013 l.
1021 1944 1109 2014 ad
1165 1966 1325 2038 pag.
1399 1940 1520 2012 22.
1543 1997 1568 2033 ‚
1644 1956 1798 2013 tum
1872 1944 2294 2016 «dominium
2363 1969 2713 2018 sacrosanc-

704 2095 735 2138 «
766 2078 904 2141 tum
930 2096 961 2137 »
1044 2067 1640 2165 (onschendbaar)
1721 2092 1950 2139 eorum
2031 2093 2196 2163 quos
2273 2080 2572 2165 spectant
2637 2068 2712 2139 cf.

702 2220 1021 2265 vntum
1094 2218 1157 2264 o.
1234 2219 1291 2265 s.
1366 2194 1415 2263 l.
1492 2193 1582 2263 ad
1655 2217 1817 2287 pag.
1897 2190 2018 2263 78.

846 2319 1175 2411 Quaestio
1248 2317 1338 2387 de
1410 2317 1722 2388 dominio
1793 2316 2205 2388 difficillima
2281 2329 2410 2389 est.
2539 2319 2714 2389 Duae

700 2446 1052 2538 opiniones
1122 2441 1242 2511 hie
1317 2443 1389 2510 in
1460 2464 1746 2511 censum
1807 2442 2144 2529 veniuntt,
2217 2443 2437 2513 altera
2470 2498 2492 2536 ,
2554 2466 2714 2538 quae

700 2569 1085 2640 dominium
1156 2566 1415 2636 civitati
1492 2567 1848 2636 universae
1874 2619 1896 2656 ,
1971 2567 2188 2636 altera
2259 2593 2446 2662 quae
2521 2569 2712 2640 domi-

699 2696 895 2764 nium
966 2695 1046 2764 iis
1070 2746 1092 2782 ,
1166 2693 1291 2786 qui
1362 2715 1490 2762 sua
1561 2691 1981 2762 documenta
2037 2693 2109 2761 in
2167 2695 2479 2786 registris
2539 2717 2710 2788 sepo·

700 2820 827 2889 sita
904 2819 1211 2906 habent,
1286 2816 1630 2886 attribuit.

849 2943 919 3011 Si
990 2952 1225 3011 autem
1284 2939 1355 3008 hi
1404 2939 1658 3010 horum
1705 2941 2156 3032 registrorum
2203 2942 2474 3012 domini
2522 2955 2710 3031 sunt,

701 3066 1086 3136 dominium
1158 3075 1382 3134 exstat
1455 3087 1668 3158 quam
1740 3065 2038 3134 maxime
2099 3067 2506 3138 restrictum
2579 3067 2713 3164 (be-

700 3190 943 3288 perkt)
1016 3189 1208 3285 quod
1277 3190 1562 3284 iusuper
1619 3190 1800 3258 inter
1854 3190 2155 3283 speeiem
2211 3188 2503 3263 dominii
2551 3216 2712 3264 com-

701 3320 929 3388 munis
1001 3313 1753 3410 (gemeenschappelijk
1823 3313 2222 3411 eigendom)
2281 3316 2712 3389 referendum

701 3455 850 3531 est3
944 3442 1067 3514 sed
1158 3441 1386 3511 multo
1481 3440 1700 3533 magis
1783 3439 1953 3510 mihi
2041 3439 2298 3510 arridet
2385 3443 2713 3514 sententia

701 3593 937 3641 eorum
967 3621 986 3658 ‚
1073 3567 1196 3661 qui
1266 3577 1590 3636 statuunt
1659 3567 2004 3635 civitatem
2080 3567 2304 3659 ipsam
2373 3566 2712 3638 dominam

700 3719 847 3766 esse
917 3695 1169 3764 horum
1241 3693 1860 3763 instrumentorum
1885 3744 1907 3781 ,
1977 3691 2576 3785 quemadmodum
2621 3715 2716 3763 eo-

699 3843 863 3890 rum
970 3841 1153 3913 quae
1259 3815 1571 3886 Tabellio
1677 3814 2004 3886 custodit.
2138 3815 2716 3912 Unumquemque

700 3955 1019 4041 spectant
1040 3997 1061 4034 ‚
1112 3954 1182 4012 et
1234 3942 1610 4034 uuicuique
1669 3939 1954 4010 utilitati
1999 3951 2165 4009 sunt
2212 3943 2551 4033 registra3
2597 3943 2716 4012 sin·

701 4071 852 4168 guli
926 4067 1209 4164 quidem
1280 4078 1480 4136 actus
1553 4065 2037 4136 tantummodo
2104 4089 2220 4136 eos
2269 4068 2392 4159 qui
2441 4089 2716 4138 curave·

2861 951 2864 1171 Ι

2863 1270 2866 1489 Ι
