2934 5102
1114 641 1257 712 115

186 849 327 942 jud.
426 852 495 919 in
592 850 669 920 Ca
756 851 830 922 C.
930 854 1255 945 exponit,
1378 853 1466 922 ad
1569 853 1946 923 articulum
2049 850 2192 923 660

190 975 381 1067 hujus
450 974 737 1046 Codicis.

1096 1223 1255 1320 §2-

318 1474 691 1544 Videamus
762 1497 953 1544 nunc
978 1527 999 1564 ‚
1072 1475 1244 1569 quid
1314 1499 1485 1545 num
1562 1479 1999 1570 magistratus
2071 1481 2194 1573 qui

186 1599 531 1692 vectigalia
574 1599 861 1693 publica
927 1599 1138 1693 exigit
1214 1599 1630 1696 (ontvanyer)
1683 1600 1924 1696 (quem
1977 1603 2192 1675 Eoeac-

184 1731 377 1794 torem
448 1727 521 1794 in
591 1725 1041 1818 sequentibus
1111 1725 1404 1818 vocabo)
1509 1749 1592 1796 ex
1671 1726 1823 1818 lege
1893 1727 2194 1798 custodi·

191 1846 314 1916 at?
388 1861 467 1918 ut
508 1849 717 1922 vbene
789 1849 961 1919 haec
1036 1852 1261 1920 omnia
1311 1873 1655 1944 exponere
1701 1853 1958 1944 possim
1988 1905 2007 1941 ,
2078 1877 2194 1922 ne·

182 1996 360 2042 cesse
430 1975 560 2043 erit
633 1985 713 2042 ut
787 1996 895 2043 res
968 1973 1060 2042 ab
1133 1997 1215 2044 6ο
1286 1974 1772 2044 custodiendas
1819 1977 1891 2046 in
1937 1979 2196 2071 species

180 2120 329 2166 suas
397 2096 833 2190 distribuam.
958 2097 1185 2167 Prima
1253 2100 1512 2192 species
1557 2100 1941 2170 continebit
1985 2103 2197 2195 igitur

181 2221 631 2292 instrumenta
678 2245 861 2315 quae
907 2234 1072 2292 sunt
1139 2223 1431 2293 civitatis
1458 2277 1478 2314 ‚
1564 2236 1636 2293 et
1708 2249 1890 2319 quae
1961 2239 2200 2314 custo·-

180 2345 278 2416 dit
346 2371 433 2418 eo
500 2347 783 2417 consilio
808 2399 830 2436 ‚
902 2359 983 2416 ut
1052 2370 1309 2418 munus
1382 2372 1610 2418 suum
1659 2349 1838 2420 bene
1917 2355 2199 2446 exsequi

184 2475 439 2565 possit3
510 2472 815 2542 secunda
870 2495 950 2542 ea
1002 2473 1524 2567 comprehendit
1570 2499 1752 2569 quae
1803 2480 2070 2573 accepit
2119 2491 2200 2548 ut

181 2600 481 2667 remittat
531 2599 603 2667 in
648 2599 1029 2685 aerarium3
1081 2600 1281 2668 tertia
1332 2602 1662 2693 pecunias
1713 2613 1838 2690 aut
1883 2626 1992 2672 res
2025 2628 2198 2695 quas

181 2722 607 2817 recipiendae
650 2734 721 2793 et
768 2721 1263 2794 custodiendae
1312 2724 1373 2792 ei
1423 2723 1799 2793 traduntur
1825 2778 1844 2815 ‚
1917 2747 2000 2796 ex
2053 2728 2198 2798 offi-

178 2850 281 2917 cio
324 2848 633 2943 quodam
681 2848 1006 2942 speciali,
1059 2846 1250 2941 quod
1299 2848 1371 2917 ei·
1406 2848 1807 2942 impositum
1858 2863 1983 2921 est.
2083 2852 2198 2922 Vi-

178 2972 463 3043 deamus
511 2972 601 3042 de
648 2976 877 3067 specie
925 2974 1193 3067 prima:
1242 2973 1331 3041 ad
1379 2972 1559 3043 hanc
1607 2976 1954 3068 pertinent
1996 2980 2201 3071 regis·¹

177 3108 277 3167 tra
292 3084 325 3189 ’,
374 3120 561 3191 quae
607 3122 696 3167 ne
770 3099 1325 3169 accuratissimus
1398 3099 1684 3194 quidem
1759 3104 2200 3195 magistratus

175 3223 428 3315 poterit
474 3221 778 3299 indicare
828 3222 1019 3316 quod
1064 3223 1201 3291 sint
1241 3247 1564 3292 numero:
1616 3236 1766 3293 acta
1804 3226 1985 3295 enim
2019 3251 2201 3319 quae

173 3370 255 3416 ex
332 3348 487 3440 lege
560 3346 841 3418 diversis
908 3349 1209 3439 registris
1266 3348 1701 3417 inscribenda
1751 3362 1916 3429 sunt
1942 3403 1961 3439 ‚
2034 3375 2200 3421 non-

172 3496 561 3565 numquam
631 3474 701 3541 in
775 3495 915 3541 uno
988 3473 1380 3566 eodemque
1439 3474 1728 3565 registro
1808 3473 2201 3545 adnotanda

170 3609 335 3668 sunt
365 3650 384 3686 ‚
436 3607 861 3691 quapropter
888 3650 907 3687 ‚
990 3621 1212 3691 quum
1284 3596 1556 3689 singula
1625 3597 1927 3669 indicare
1997 3603 2202 3693 regis·

171 3734 273 3793 tra
353 3744 493 3791 non
567 3733 840 3791 tantum
938 3721 1219 3792 difficile
1313 3723 1445 3812 sit,
1543 3722 1663 3792 sed
1756 3725 1964 3793 etiam
2053 3726 2206 3797 inu·

173 3848 290 3918 tile
318 3900 343 3937 ,
427 3830 743 3915 naturam
831 3848 1278 3939 registrorum
1354 3857 1886 3941 ceterorumque
1955 3851 2206 3922 instru-

170 3983 569 4045 mentorum
620 3993 961 4067 exponere
1039 3972 1360 4043 sufficiat.
1473 3972 1692 4068 Saepe
1764 3974 1876 4045 lex
1946 3979 2204 4071 praeci·

173 4100 271 4189 pit
328 4109 411 4167 ut
459 4099 1001 4169 instrumentum
1051 4096 1140 4195 ad
1191 4098 1603 4167 Exactorem
1673 4098 2026 4171 deferatur
2051 4155 2072 4192 ,
2124 4114 2206 4173 ut

1607 4220 1653 4292 8
1679 4222 1720 4265 >a
