2934 5102
1699 582 1794 654 58

739 806 903 864 sunt
974 794 1020 862 ii
1094 791 1351 887 quibus
1426 793 1964 862 committuntur
2036 816 2144 864 res
2219 817 2393 886 quas
2468 793 2762 864 creditor
2864 774 2866 850 ἶ

738 919 811 987 in
918 941 1117 986 suam
1222 927 1642 1010 potestatem
1757 916 2023 1007 redegit
2049 968 2072 1004 ‚
2194 929 2274 986 ut
2384 916 2551 988 inde
2660 943 2762 988 aes

738 1041 1041 1111 alienum
1114 1039 1245 1109 sibi
1318 1038 1636 1110 debitum
1711 1041 1923 1131 possit
1995 1041 2350 1134 percipere
2376 1093 2396 1129 ‚
2475 1041 2569 1111 cf·
2637 1054 2757 1110 art.

738 1161 931 1253 454,
980 1176 1051 1233 et
1098 1163 1209 1232 alii
1258 1163 1618 1248 memorati
1669 1163 1738 1231 in
1789 1175 1949 1232 artt.
2001 1161 2188 1252 506,
2264 1161 2408 1232 710
2460 1176 2532 1234 et
2587 1162 2760 1254 761,
2864 1149 2866 1216 Ᾰ

739 1289 815 1359 C.
886 1287 1103 1356 meth.
1176 1310 1368 1380 proc.
1443 1288 1516 1368 in
1589 1286 1664 1356 C.
1739 1287 1814 1357 C.

882 1410 1180 1502 Cogitari
1290 1408 1433 1479 fere
1539 1412 1784 1503 nequit
1809 1462 1829 1499 ,
1953 1421 2074 1479 ut.
2142 1412 2496 1504 legislator
2605 1437 2716 1483 eos
2739 1466 2757 1502 ,

738 1559 919 1630 quos
1006 1558 1217 1627 supra
1308 1559 1435 1629 per
1531 1533 1872 1604 voeabula
1967 1558 2108 1628 «op
2176 1534 2505 1628 openbaar
2572 1560 2759 1630 yezay

742 1685 773 1728 «
800 1659 1209 1752 aanqestelde
1281 1683 1602 1752 personen
1631 1668 1666 1726 »'
1739 1671 1862 1727 aut
1922 1657 2242 1752 ope-nbare
2297 1660 2717 1731 amblenaren
2737 1713 2755 1749 ‚

737 1784 1140 1876 simpliciter
1211 1805 1335 1874 per
1424 1807 1455 1848 «
1485 1781 1725 1852 andere
1788 1780 2190 1853 bewaarders
2219 1809 2250 1851 n
2324 1784 2756 1856 intellexerit.

739 1908 809 1976 Si
883 1906 1123 1976 fuisset
1195 1904 1569 1996 legislatori
1627 1905 2060 1998 propositum
2085 1957 2105 1994 ‚
2184 1919 2424 1979 contra
2455 1904 2758 2000 Graphi-

738 2032 914 2100 arios
988 2053 1233 2111 manus
1307 2029 1749 2118 injectionem
1819 2029 2221 2120 permittere
2289 2033 2510 2100 actori
2534 2083 2556 2120 ,
2629 2033 2759 2102 sine

736 2154 953 2224 dubio
1026 2175 1343 2245 expresse
1418 2152 1795 2222 monuisset
1821 2203 1842 2241 ‚
1917 2152 2005 2220 ad
2080 2176 2242 2222 eum
2312 2178 2602 2248 quoque
2675 2155 2757 2224 le·

737 2280 838 2372 gis
908 2277 1119 2346 verba
1192 2273 1624 2345 extendenda
1702 2297 1848 2344 esse
1873 2326 1894 2363 ,
1977 2275 2299 2346 addendo
2395 2279 2470 2346 in
2545 2278 2646 2347 al·
2694 2276 2758 2347 4³

735 2402 949 2472 verba
1027 2426 1057 2468 «
1088 2423 1165 2469 en
1238 2398 1480 2468 andere
1549 2398 1839 2468 zaken».
2864 2495 2866 2500 .

882 2522 1089 2617 Quod
1164 2523 1410 2593 attinet
1481 2521 1569 2593 ad
1641 2533 1929 2594 actuum
2003 2536 2073 2595 et
2145 2526 2600 2619 registr-orum
2659 2554 2758 2599 ex·
2864 2531 2866 2536 ’

736 2652 1142 2722 bibitionem
1228 2658 1586 2745 excerptas
1670 2645 1832 2716 inde
1905 2642 2254 2737 edendas,
2356 2650 2530 2720 haec
2609 2676 2756 2723 con·

736 2778 961 2847 stituit
1034 2774 1387 2866 legislator
1457 2774 1528 2840 in
1604 2783 1732 2840 art.
1805 2768 1954 2841 585
2027 2750 2102 2841 6ο
2161 2773 2281 2843 cll.
2344 2772 2538 2866 856,
2617 2775 2757 2846 859

734 2900 811 2969 C.
886 2898 973 2967 de
1042 2896 1257 2966 meth.
1330 2917 1524 2987 proc.
1602 2896 1671 2963 in
1743 2893 1818 2964 G.
1893 2894 1969 2964 C.

880 3021 999 3089 Ad
1095 3019 1609 3089 conclusionem
1681 3019 1891 3110 igitur
1960 3020 2274 3090 venimus
2299 3073 2319 3110 ,
2417 3023 2620 3115 quod
2689 3024 2756 3092 li-

736 3157 847 3228 eet
924 3144 1136 3214 actori
1210 3140 1704 3236 Graphiarium
1767 3142 1856 3210 ad
1925 3166 2250 3225 nummos
2317 3145 2712 3219 reddendos
2733 3201 2750 3235 ‚

734 3294 980 3339 manus
1050 3268 1421 3359 injectione
1493 3288 1852 3351 coerceret,
1925 3267 1982 3336 si
2041 3290 2265 3337 sermo
2317 3281 2423 3341 est
2473 3269 2564 3342 de
2615 3273 2756 3341 aliis

702 3395 945 3465 ·rebus
1015 3391 1385 3463 reddendis
1458 3414 1520 3459 e.
1593 3414 1659 3482 g.
1734 3389 1823 3460 de
1894 3391 2368 3462 instrumentis
2395 3445 2416 3483 ‚
2521 3407 2598 3465 et
2667 3418 2757 3465 re·

736 3519 870 3589 bus
940 3518 1012 3586 in
1084 3525 1246 3584 artt.
1321 3510 1514 3601 182,
1590 3509 1734 3610 189
1761 3563 1798 3611 ,ι
1834 3510 2027 3603 518,
2081 3512 2270 3605 519,
2324 3514 2519 3607 516,
2573 3516 2756 3607 517,

738 3641 929 3730 559,
992 3636 1185 3727 549,
1248 3650 1430 3726 etc.,
1483 3650 1616 3710 etc.
1669 3637 1745 3706 C.
1797 3636 1886 3707 de
1935 3638 2152 3708 meth.
2201 3664 2393 3733 proc.
2441 3643 2517 3711 in
2565 3644 2644 3715 C.
2692 3644 2758 3713 C.

735 3764 1127 3835 memoratis
1152 3814 1173 3852 ,
1248 3760 1383 3831 hoc
1454 3760 1662 3831 modo
1735 3762 2077 3855 urguendi
2152 3765 2259 3834 uti
2329 3768 2600 3859 nequit.

882 3889 1083 3958 Nunc
1168 3886 1523 3957 videamus
1615 3885 1704 3954 de
1789 3887 2190 3980 quaestione
2289 3889 2512 3962 altero
2617 3893 2758 3963 loco

734 4014 1085 4111 proposita
1116 4039 1132 4079 :
