2934 5102
1189 621 1287 694 <25

201 836 572 930 praeterea
627 832 893 902 mulcta
952 827 1100 902 100
1160 853 1380 926 usque
1439 831 1529 900 ad
1580 827 1725 900 500
1772 829 1989 902 franc.
2060 830 2255 904 Haec

203 961 426 1054 igitur
519 968 622 1028 est
717 957 931 1026 altera
1005 979 1227 1050 poena
1298 979 1438 1050 qua
1519 955 1957 1049 depositarii,
2026 955 2251 1028 officio

205 1107 342 1154 suo
410 1106 548 1160 non
621 1081 891 1171 functi,
966 1081 1386 1152 afficiuntur.

360 1208 675 1296 Poenae,
739 1207 1040 1300 quaein
1097 1206 1268 1299 lege
1341 1203 1386 1274 9
1458 1229 1547 1275 m.
1622 1203 1796 1276 ,Iulii
1867 1229 1977 1274 an.
2053 1201 2249 1276 1842

207 1345 688 1404 memorantur
713 1385 733 1421 ,
783 1343 949 1403 sunt
995 1330 1410 1425 reprehensio
1484 1327 1898 1426 (herisping)
1946 1330 2249 1402 interdic-

214 1459 308 1528 tio
378 1455 965 1528 administrationis
1038 1452 1459 1550 (schorsing)
1538 1467 1609 1524 et
1678 1454 1959 1524 tandem
2008 1455 2249 1534 amatio

211 1608 256 1653 a
330 1605 617 1652 munere.
740 1579 891 1650 Hae
973 1591 1138 1650 sunt
1213 1602 1479 1672 poenae
1504 1632 1523 1667 ‚
1595 1602 1721 1672 per
1767 1603 1940 1672 quas
1992 1579 2247 1650 delicta

211 1706 696 1777 Tabellionum
758 1707 829 1774 in
904 1704 1358 1798 exsequendis
1430 1703 1670 1774 officiis
1694 1756 1716 1792 ‚
1788 1717 2199 1776 coercentur
2223 1757 2245 1794 ‚

209 1854 536 1926 quaeque
633 1830 942 1900 officium
1051 1830 1230 1900 bene
1351 1813 1797 1900 custodiendi
1906 1841 2246 1922 spectant.

211 1957 416 2026 Aliae
510 1979 772 2048 poenae
866 1955 999 2024 hac
1072 1954 1224 2047 lege
1295 1967 1715 2025 memoratae
1788 1965 1955 2024 sunt
2027 1954 2248 2025 mulc-

212 2095 328 2152 tae
355 2133 376 2170 ‚
471 2104 650 2174 quae
743 2080 1090 2153 debentur
1182 2091 1469 2173 propter
1553 2078 1841 2174 aliquod
1941 2079 2244 2150 officium

213 2207 546 2276 omissum
630 2231 691 2275 v.
778 2229 838 2275 c.
867 2257 886 2294 ,
963 2205 1019 2274 si
1115 2205 1272 2298 quis
1365 2227 1507 2274 non
1579 2203 1823 2274 retulit
1894 2203 2250 2297 exemplar

208 2333 570 2426 repertorii
641 2330 729 2400 ad
801 2329 1116 2401 archium
1187 2328 1596 2419 tribunalis,
1691 2329 1883 2423 quod
1954 2331 2012 2398 si
2084 2329 2249 2400 omi·

209 2459 378 2528 serit
448 2458 667 2553 prima
741 2456 888 2526 vice
968 2453 1236 2524 mulcta
1317 2454 1561 2526 decem
1654 2453 1811 2526 flor.
1886 2457 1947 2526 ei
2029 2457 2247 2549 impo-

209 2585 428 2655 nitur.

358 2707 667 2802 Exposui
761 2728 998 2776 omnes
1088 2728 1344 2799 poenas
1433 2730 1609 2799 quas
1690 2704 1953 2775 solvere
2033 2704 2247 2780 debet

207 2832 670 2927 depositarius
739 2829 1094 2917 Tabelli03
1169 2854 1406 2901 omnes
1476 2841 1641 2900 sunt
1710 2829 1969 2923 quibus
2046 2854 2085 2899 a
2155 2832 2245 2901 ci-

207 2961 424 3029 vitate
493 2955 935 3045 afficiuntur,
1007 2957 1130 3049 qui
1196 2980 1338 3027 non
1409 2967 1886 3050 exsequuntur
1954 2981 2077 3026 sua
2146 2954 2242 3027 of-

208 3084 394 3155 ficia.
516 3081 766 3152 Civitas
845 3080 1227 3151 dominium
1319 3080 1585 3153 habens
1679 3092 1967 3151 actuum
2038 3082 2243 3174 regis-

211 3222 482 3279 trorum
555 3219 687 3279 etc.
758 3206 992 3277 damni
1061 3208 1571 3277 resarcitionem
1642 3208 1912 3299 exigere
1977 3208 2241 3300 possete,

205 3333 382 3427 quid
459 3356 620 3403 vero
697 3333 1088 3424 exigeretur
1169 3355 1210 3401 a
1293 3331 1743 3424 delinquente
1823 3330 2239 3424 depositaria

205 3469 482 3555 praeter
546 3480 840 3551 poenam
867 3453 905 3524 ’ἶ
975 3455 1326 3551 quomodo
1407 3458 1710 3550 pretium
1790 3457 2237 3548 registi-orum

205 3596 284 3655 et
349 3582 684 3653 damnum
752 3582 1063 3653 resarciri
1126 3582 1380 3675 poterit
1407 3578 1445 3647 ἶ)
1517 3580 1610 3651 oh
1669 3579 1985 3651 eamdem
2045 3602 2236 3650 caus-

203 3732 356 3781 sam
426 3730 646 3802 quare
712 3705 947 3777 damni
1014 3730 1140 3801 per
1207 3705 1657 3779 homicidium
1728 3706 1987 3777 civitati
2042 3705 2236 3775 allati

201 3834 558 3905 resarcitio
625 3855 763 3903 non
834 3832 918 3901 fit
943 3885 963 3921 ,
1037 3833 1274 3903 civitas
1336 3843 1610 3901 tantum
1679 3832 2019 3902 actionem
2077 3854 2235 3926 poe·

201 3959 438 4029 nalem
518 3958 836 4027 instituit.
929 3957 1160 4028 Homo
1231 3959 1414 4029 enim
1488 3957 1929 4051 aliquatenus
2006 3956 2235 4027 dicen-

202 4086 342 4157 dus
412 4092 516 4185 est
583 4081 966 4153 dominium
1025 4083 1364 4169 civitatisz,
1435 4080 1761 4153 audiatur
1817 4084 1947 4153 hac
2004 4082 2091 4152 de
2161 4104 2237 4151 re
