2934 5102
1130 650 1275 724 109

190 872 255 940 vi
332 869 640 939 muneris
722 867 1049 938 custodit.
1116 865 1377 937 'Ratio
1459 867 1630 960 legis
1707 870 1778 936 in
1858 873 1998 937 art0
2068 865 2213 937 169

192 995 265 1065 C.
342 995 421 1064 P.
494 992 584 1063 ad
656 993 968 1063 eamdem
1042 993 1425 1086 opinionem
1502 993 2051 1087 amplectandam
2102 1016 2214 1062 me

194 1130 628 1205 commovet3
702 1130 806 1187 est
880 1119 1061 1186 enim
1131 1117 1349 1188 haec:
1420 1142 1508 1187 ne
1555 1120 1996 1211 magistratus
2046 1117 2216 1186 abu·

193 1257 433 1313 tantur
508 1242 649 1313 fide
718 1266 899 1336 quae
969 1242 1259 1336 publice
1330 1244 1409 1312 iis
1483 1243 1787 1314 habetur
1856 1245 2034 1313 circ-a
2107 1267 2216 1312 res

192 1393 365 1462 quas
436 1367 723 1462 publica
794 1368 1206 1438 auctoritate
1276 1367 1624 1437 custodire
1695 1367 1979 1438 debent.
2079 1369 2216 1438 Ac·

192 1495 381 1563 tione
452 1492 770 1585 poenali,
842 1515 1045 1562 nemo
1134 1493 1256 1562 nisi
1341 1494 1488 1586 ipse
1570 1493 2022 1586 depositarius
2103 1495 2217 1563 cui

192 1619 375 1706 bona
424 1618 736 1688 custodia
784 1616 1110 1687 mandata
1182 1628 1285 1688 est
1312 1670 1331 1706 ‚
1402 1628 1726 1703 tenetur3
1801 1629 2219 1686 tantummo-

191 1743 281 1813 do
378 1741 502 1811 ubi
596 1740 779 1811 mala
852 1741 1161 1811 custodia
1190 1794 1210 1831 ‚
1286 1740 1520 1810 damni
1593 1740 1891 1833 alicujus
1977 1713 2215 1811 caussa

192 1869 497 1956 exstitit,
550 1869 729 1937 actio
776 1865 1005 1956 valet,
1080 1866 1267 1936 unde
1337 1877 1624 1960 apparet
1679 1865 2034 1960 quodnam
2085 1865 2217 1935 dis·

193 1985 454 2062 crimen
528 1990 913 2060 intercedat
983 1994 1163 2061 inter
1240 1991 1375 2061 hoc
1400 2043 1419 2079 ‚
1505 2002 1576 2060 et
1665 2001 2036 2084 praecepta
2129 1989 2219 2074 de

189 2118 598 2210 magistratu
694 2117 816 2208 qui
914 2117 1082 2184 actis
1175 2127 1244 2184 et
1343 2114 1601 2184 tabulis
1695 2127 1916 2184 status
2003 2112 2218 2184 civilis

191 2243 509 2336 praeest,
590 2242 661 2308 in
743 2244 883 2308 art⁰
963 2235 1060 2306 27
1148 2238 1221 2308 C.
1290 2239 1365 2308 C.
1436 2238 1686 2308 tradita
1715 2292 1735 2329 ‚
1807 2239 1971 2309 licet
2045 2240 2218 2308 ratio

192 2366 365 2458 legis
436 2365 649 2457 hujus
722 2362 997 2433 articuli
1070 2365 1275 2433 etiam
1347 2365 1419 2433 in
1487 2363 1611 2433 illo
1680 2364 1906 2433 valeat
1951 2361 2094 2460 (1).

336 2490 570 2560 Aliter
618 2512 765 2559 sese
811 2487 1026 2558 habet
1074 2512 1182 2558 res
1230 2487 1320 2558 de
1366 2489 1636 2559 actione
1685 2479 1868 2559 civili
1904 2487 1990 2558 ad
2027 2487 2216 2558 dam·
2334 2491 2342 2498 '

190 2642 279 2687 na
331 2615 809 2685 resarcienda:
858 2615 962 2683 uti
1011 2612 1307 2682 vidimus
1356 2614 1427 2682 in
1486 2614 1788 2683 sectione
1847 2614 1923 2681 II
1981 2592 2217 2683 civitas

192 2754 475 2811 tenetur
533 2742 803 2810 actione
851 2738 1263 2833 principali,
1322 2738 1486 2830 quia
1547 2737 1714 2808 huic
1774 2738 2217 2832 depositionis

192 2890 435 2937 caussa
501 2863 857 2934 tradidisse
918 2862 1241 2933 censendi
1309 2886 1599 2948 sumusz,
1668 2864 1723 2931 si
1785 2874 2016 2931 tamen
2070 2864 2218 2957 ipse

188 2991 637 3083 magistratus
711 3000 954 3057 auctor
1028 2986 1161 3056 fuit
1232 2986 1648 3057 incommodi
1712 2986 1903 3080 quod
1961 2987 2220 3058 aerario

189 3118 462 3204 oritur,
548 3137 630 3182 ex
711 3114 1175 3206 praestatione
1248 3114 1399 3204 ejus
1473 3111 1707 3181 damni
1779 3125 2059 3183 tenetur
2129 3112 2218 3181 ad

188 3240 527 3309 damnum
586 3236 765 3306 illud
816 3237 1074 3305 civitati
1116 3235 1609 3329 praestandum
1638 3289 1658 3325 ‚
1724 3237 2017 3306 simulac
2060 3261 2218 3330 pro-

184 3365 409 3435 batur
454 3363 610 3433 talis
661 3361 871 3454 culpa
938 3362 1009 3429 in
1083 3359 1535 3430 custodiendo
1562 3413 1581 3449 ‚
1643 3360 1924 3453 qualem
1982 3384 2218 3454 praes-

185 3503 341 3560 tare
408 3497 729 3572 tenetur3
812 3485 987 3554 haec
1058 3508 1198 3554 non
1271 3496 1544 3553 tantum
1612 3484 1845 3554 valent
1917 3484 2006 3554 de
2075 3508 2218 3555 ma-

184 3617 488 3706 gistratu
568 3612 717 3703 ipso
744 3663 763 3700 ‚
851 3608 972 3679 sed
1041 3610 1246 3678 etiam
1320 3607 1409 3678 de
1482 3609 1561 3678 iis
1633 3612 1755 3702 qui
1827 3634 1954 3701 pro
2027 3623 2218 3681 certo

183 3751 507 3832 tempore
588 3732 1161 3828 Hypothecarum
1241 3732 1561 3803 Custodis
1637 3756 1926 3803 munere
1997 3734 2218 3828 fungi·

315 4050 409 4128 (1)
453 4048 545 4105 Cs.
612 4066 696 4104 nr:
762 4065 987 4119 pne-re,
1057 4047 1458 4123 Handleiding
1505 4055 1598 4105 tot
1643 4046 1754 4105 het
1797 4048 1975 4125 Burg.
2023 4048 2220 4109 Wetb.

182 4145 263 4204 ad
316 4146 350 4218 §
409 4143 515 4213 16,
566 4148 627 4198 et
675 4147 768 4197 tot
814 4140 923 4198 het
968 4139 1167 4198 Wetb.
1214 4160 1331 4198 van
1378 4140 1557 4217 Burg.
1603 4139 1847 4217 Regtsv.
1893 4140 1972 4199 ad
2011 4144 2042 4215 §
2085 4144 2222 4201 582.
