2934 5102
1135 622 1277 693 121

346 831 429 901 20
476 832 655 926 Quia
708 832 1013 902 officium
1061 831 1430 926 publicum
1506 846 1608 902 est
1692 831 2065 925 recipiendi
2112 856 2227 901 eas

201 960 579 1053 pecunias3
648 980 899 1049 negare
971 954 1126 1028 illas
1198 956 1520 1027 Exactori
1594 949 1732 1028 non
1802 958 1986 1027 licet.

351 1080 431 1151 50
481 1079 659 1173 Quia
756 1103 869 1154 eas
963 1081 1295 1175 pecunias
1391 1084 1636 1175 recipit
1731 1083 2060 1176 quoniam
2125 1093 2232 1152 est

204 1205 509 1275 Exactor
532 1256 553 1294 ,
631 1205 744 1275 cui
817 1203 1225 1274 mandatum
1288 1216 1391 1275 est
1465 1217 1547 1275 ut
1619 1230 1854 1277 omnes
1902 1207 2233 1301 pecunias

202 1333 273 1401 in
349 1355 557 1401 usum
629 1330 921 1401 civitatis
997 1329 1329 1399 collectas
1355 1382 1376 1419 ,
1454 1330 1802 1400 custodiat
1868 1342 1939 1401 et
2001 1331 2233 1401 remit·

207 1468 333 1524 tat.
463 1452 789 1524 Officium
866 1454 1395 1545 consignationis
1475 1454 1910 1547 recipiendae
1995 1478 2236 1525 caussa

207 1579 538 1673 pecunias
564 1630 585 1667 ,
667 1589 771 1647 est
852 1576 1160 1648 officium
1244 1576 1437 1670 quod
1509 1579 1746 1649 civitas
1817 1579 1963 1671 ipsa
2038 1580 2236 1671 quasi

212 1704 364 1796 lege
438 1702 569 1772 sihi
640 1702 993 1795 imposuit.
1106 1702 1125 1720 ‘

353 1826 436 1896 40
486 1825 667 1919 Quia
720 1838 823 1897 est
870 1850 1162 1920 persona
1186 1880 1207 1917 ‚
1260 1830 1373 1899 cui
1421 1852 1563 1899 non
1611 1851 1696 1899 ex
1741 1827 2061 1917 arbitrio,
2113 1827 2236 1897 sed

210 1954 593 2025 necessarie
689 1951 865 2023 fides
954 1952 1341 2046 praebetur
1410 1953 1502 2023 ab
1571 1955 1651 2023 iis
1722 1954 1844 2047 qui
1911 1953 2239 2046 pecunias

214 2079 744 2171 consignationis
820 2100 1061 2146 caussa
1135 2075 1482 2170 deponere
1552 2077 1812 2167 velint,
1887 2074 2081 2171 quod
2137 2087 2242 2147 est

212 2205 393 2274 ratio
468 2204 639 2295 legis
712 2204 786 2272 in
859 2207 998 2270 art‘-³
1074 2199 1219 2271 169
1294 2201 1369 2273 C.
1443 2203 1525 2272 P.

360 2329 749 2398 Memoratu
819 2336 1177 2420 praeterea
1250 2326 1544 2419 dignum
1618 2337 1768 2417 est,
1845 2325 2036 2421 quod
2095 2327 2244 2420 qui-

216 2453 378 2525 dem
454 2430 757 2522 Exactor
828 2461 932 2521 est
1005 2450 1461 2544 depositarius
1523 2452 1734 2521 cistae
1794 2452 2244 2544 consignatio-

213 2581 363 2670 nis,
442 2577 534 2648 cf.
608 2588 736 2646 art.
812 2573 904 2666 6,
993 2573 1037 2643 7
1111 2588 1184 2646 et
1257 2574 1324 2645 9.
1408 2567 1740 2670 epistolae
1827 2577 2242 2671 (circulaire)

218 2731 271 2776 s,
344 2705 395 2772 l.
472 2700 567 2772 16
634 2726 728 2771 m.
804 2702 970 2772 Dec.
1046 2698 1286 2791 1845,
1370 2700 1540 2771 dum
1615 2699 2060 2772 nihilominus
2130 2725 2249 2796 pe·

216 2830 468 2899 cuniae
527 2828 597 2896 in
659 2827 901 2896 cistam
956 2825 1151 2894 illam
1220 2824 1482 2895 relatae
1551 2847 1692 2894 non
1749 2848 2063 2919 semper,
2123 2825 2247 2895 sed

220 2977 349 3049 pro
420 2963 615 3021 certo
683 2949 1083 3020 brevissimo
1143 2960 1417 3018 tantum
1465 2960 1780 3044 tempore
1827 2948 1920 3019 ab
1967 2973 2050 3020 eo
2098 2974 2249 3020 cus-

223 3079 596 3151 todiuntur
621 3129 641 3166 ,
726 3087 797 3146 et
877 3075 1111 3144 statim
1181 3073 1637 3144 remittendae
1709 3087 1877 3144 sunt
1951 3073 2034 3144 ad
2111 3099 2253 3145 ma-

223 3207 555 3297 gistratus
648 3201 773 3295 qui
870 3199 1202 3268 dicuutur
1300 3223 1332 3266 «
1364 3200 1656 3290 Ayenten
1751 3222 1878 3269 van
1970 3201 2026 3270 ἐ
2051 3198 2253 3292 ΒῂἹεε

227 3355 258 3398 «
287 3325 607 3398 achatkist
636 3351 668 3392 »
724 3321 854 3418 (1).
1537 3401 1542 3406 1

373 3449 709 3520 Pecunias
792 3445 1078 3540 quidem
1158 3468 1241 3515 ex
1322 3444 1778 3538 vectigalibus
1861 3458 2045 3517 ortas
2125 3470 2253 3541 pro

223 3589 545 3668 tempore
619 3571 709 3641 ad
756 3571 1222 3640 remissionem
1293 3592 1516 3662 usque
1565 3569 1916 3656 custodit3
1964 3569 2083 3640 sed
2135 3568 2254 3639 ali-

224 3713 336 3772 ter
407 3722 516 3768 res
582 3720 729 3767 sese
799 3693 1015 3765 habet
1087 3695 1159 3764 in
1230 3694 1789 3787 consignatione:
1872 3694 1996 3765 has
2071 3696 2254 3766 enim

357 4009 448 4088 (1)
491 4008 602 4067 cff.
654 4008 952 4086 Epistolae
1005 4006 1385 4084 (circulaires)
1446 4008 1514 4066 16
1567 4025 1648 4066 m.
1678 4005 1818 4067 Dec.
1859 4009 2014 4067 1843
2043 4009 2120 4067 ad
2151 4019 2261 4074 art,

237 4108 348 4175 14,
402 4111 461 4161 et
513 4104 588 4159 23
638 4121 716 4160 m.
768 4102 921 4160 Nov.
980 4103 1165 4170 1843,
1216 4101 1325 4160 sub
1377 4099 1480 4170 30,
1529 4099 1619 4159 n0.
1671 4101 1808 4160 691.
