2934 5102
1583 516 1750 641 126*

638 782 1210 877 Hypothecarum
1232 781 1632 852 Custodem.
1680 782 1948 853 Revera
1997 794 2230 853 tamen
2265 806 2513 853 caussa
2543 783 2670 853 hu·
2751 836 2760 845 .

630 910 753 1000 jus
798 909 897 977 rei
944 906 1139 977 adest
1164 960 1187 997 ‚
1258 930 1441 1001 quae
1513 908 1738 1000 primo
1794 930 1960 977 sane
2005 907 2264 977 obtutu
2291 961 2314 997 ‚
2389 910 2672 977 omnino

638 1034 811 1102 mira
860 1032 1077 1101 videri
1122 1034 1359 1126 possit.
1473 1032 1729 1102 Caussa
1801 1031 1976 1103 haec
2046 1044 2198 1102 aet:
2273 1032 2672 1125 depositum

638 1157 828 1251 apud
878 1156 1290 1227 Exactorem
1316 1208 1337 1246 ‚
1412 1156 1497 1225 fit
1569 1180 1698 1250 pro
1745 1169 1946 1250 parte
1991 1160 2064 1227 in
2112 1158 2406 1251 gratiam
2453 1159 2676 1251 ipsius

638 1283 933 1352 civitatis
954 1333 977 1369 ‚
1050 1304 1232 1373 quae
1282 1280 1692 1374 depositaria
1739 1304 2032 1375 persona
2081 1284 2362 1352 omnino
2409 1281 2678 1351 haben·

639 1406 729 1475 da
800 1416 904 1475 est
929 1457 950 1495 ‚
1022 1407 1189 1499 quia
1260 1407 1592 1499 pecunias
1661 1406 2006 1499 depositas
2079 1419 2150 1476 et
2207 1408 2280 1475 in
2327 1408 2682 1477 aerarium

640 1531 955 1600 remissas
1001 1541 1232 1623 potest
1283 1530 1603 1625 usurpari
1651 1532 1756 1600 uti
1801 1532 2134 1624 pecunias
2194 1555 2376 1602 suas.
2479 1530 2680 1600 Scili-

641 1666 756 1725 cet
800 1677 941 1726 non
990 1655 1287 1725 attendit
1336 1658 1574 1725 civitas
1598 1707 1619 1745 ‚
1669 1678 1810 1727 non
1857 1655 2070 1726 fuisse
2114 1655 2490 1749 deponenti
2502 1680 2678 1751 pro·-

640 1781 947 1873 positum
1018 1790 1101 1849 ut
1173 1782 1321 1874 ipsa
1394 1780 1502 1850 his
1557 1781 1870 1873 pecuniis
1918 1792 2281 1868 utereturt,
2354 1805 2538 1874 quae
2587 1805 2677 1852 ex

641 1905 1096 1997 vectigalibus
1144 1916 1337 1975 ortae
1380 1918 1546 1976 sunt
1572 1957 1593 1994 ‚
1666 1905 2261 2000 quemadmodum
2321 1929 2444 1976 eae
2489 1930 2678 1999 quae

642 2030 1170 2121 consignationis
1204 2054 1447 2100 caussa
1473 2040 1644 2100 sunt
1667 2031 1989 2101 remissae
2014 2032 2220 2101 unius
2245 2032 2498 2125 speciei
2521 2054 2676 2101 esse

642 2166 1015 2225 censentur
1036 2206 1059 2243 ,
1130 2178 1347 2247 quare
1394 2155 1633 2224 civitas
1683 2153 2194 2248 deponentibus
2243 2154 2488 2225 foenus
2537 2154 2676 2224 sol·

642 2301 803 2347 vere
846 2290 1075 2371 potest
1099 2330 1121 2367 ,
1169 2278 1363 2372 quod
1408 2280 1554 2349 sine
1601 2278 2016 2349 detrimento
2066 2280 2308 2350 aerarii
2352 2278 2506 2350 fieri
2528 2302 2676 2348 non

642 2413 874 2495 posset
899 2453 920 2490 ‚
991 2403 1119 2471 nisi
1188 2403 1526 2495 pecuniae
1579 2401 1744 2472 illae
1787 2404 1862 2471 in
1909 2404 2202 2495 gratiam
2247 2415 2320 2473 et
2367 2428 2674 2474 commo·

644 2527 818 2598 dum
842 2528 1057 2621 ipsius
1080 2527 1372 2598 civitatis
1398 2529 1717 2620 usurpari
1739 2539 2054 2622 possent,
2081 2527 2174 2599 cf.
2201 2540 2332 2598 art.
2358 2526 2450 2598 11
2480 2528 2674 2624 Epis·

646 2653 833 2724 tolae
884 2653 1318 2746 (circulaire)
1370 2678 1425 2723 s.
1473 2653 1523 2722 1.
1570 2655 1693 2747 qui
1751 2655 1851 2723 sic
1899 2654 2140 2724 audit:
2215 2681 2247 2723 «
2273 2654 2378 2723 De
2425 2665 2674 2724 renten

648 2801 803 2870 «op
848 2777 986 2847 alle
1035 2777 1125 2847 de
1172 2778 1748 2871 geconsigneerde
1797 2778 2048 2871 gelden
2122 2751 2382 2850 ’zonder
2429 2779 2676 2850 onder-

647 2901 995 2991 «scheid,
1068 2902 1303 2973 zullen
1378 2902 1970 2996 overeenkomstig
2037 2903 2128 2974 de
2185 2916 2326 2974 wet
2371 2929 2502 2974 van
2575 2903 2674 2976 28

648 3052 683 3095 (ι
710 3026 956 3096 Nivose
1002 3049 1112 3094 an.
1159 3027 1338 3096 XIII
1386 3039 1666 3098 moeten
1713 3029 1998 3099 worden
2070 3028 2424 3101 herekend
2469 3043 2677 3124 tegen

651 3178 683 3221 α
713 3149 763 3224 5
806 3175 933 3245 per
980 3163 1186 3241 cent,
1236 3163 1370 3222 etc.
1418 3164 1555 3223 etc.
1561 3154 1632 3220 ’'.

749 3277 1159 3372 Depositum
1207 3276 1398 3371 apud
1442 3277 2016 3372 Hypothecarum
2066 3277 2438 3350 Custodem
2513 3305 2674 3350 con·

651 3413 757 3470 tra
781 3454 802 3491 ‚
854 3425 995 3471 non
1040 3399 1124 3469 fit
1170 3401 1243 3470 in
1291 3401 1738 3472 commodum
1783 3404 2076 3474 civitatis
2102 3456 2123 3493 ‚
2173 3416 2244 3474 et
2269 3406 2472 3475 unice
2498 3429 2674 3478 onus

650 3539 757 3596 est
802 3525 1173 3598 molestum
1218 3525 1292 3594 in
1340 3525 1630 3616 gratiam
1681 3526 1936 3596 civium
1982 3526 2086 3596 illi
2133 3529 2555 3621 impositum.

795 3650 969 3720 Fieri
1017 3661 1246 3744 potest
1298 3646 1401 3743 (1)
1455 3661 1537 3719 ut
1583 3651 2027 3742 magistratus
2073 3650 2328 3722 debeat
2361 3655 2676 3747 accipere

650 3786 778 3846 aut
823 3776 1151 3869 pecunias
1200 3787 1325 3848 aut
1370 3799 1480 3846 res
1530 3775 1620 3846 de
1667 3775 1926 3870 quibus
1995 3776 2080 3846 lis
2141 3780 2372 3872 agitur
2392 3833 2413 3869 ,
2491 3781 2679 3853 unde

773 4064 863 4143 (1)
946 4063 1055 4123 Cff.
1088 4072 1220 4122 artt.
1254 4066 1405 4135 880,
1444 4066 1630 4136 1003,
1669 4068 1822 4123 1440
1856 4073 1916 4124 ct
1956 4069 2105 4124 1442
2139 4065 2206 4124 C.
2239 4066 2307 4126 O.
