2934 5102
1204 626 1298 699 15

241 840 642 936 frequenter
686 838 771 908 fit
793 891 816 928 ‚
864 836 1178 932 deposito
1231 839 1539 930 recipere
1562 888 1583 926 ,
1630 835 1752 906 sed
1803 836 1893 907 de
1935 836 2069 907 hoc
2110 859 2271 906 con-
2304 842 2317 847 “

243 967 476 1036 tractu
527 967 1088 1036 ‘instrumentum
1157 961 1497 1057 perficere
1551 963 1611 1032 ei
1668 974 1774 1032 est
1836 964 2123 1032 vetitum
2183 985 2269 1032 ex

244 1092 384 1160 art⁰
439 1088 532 1159 21
595 1089 765 1182 legis
814 1113 868 1159 s.
918 1088 1018 1174 l.:,
1064 1086 1374 1158 Tabellio
1435 1099 1607 1157 tunc
1650 1085 1955 1181 custodit
2004 1089 2107 1157 uti
2154 1086 2272 1157 de-

243 1215 611 1309 positarius
679 1215 989 1308 privatus
1059 1223 1130 1282 et
1201 1223 1481 1308 tenetur
1543 1235 1624 1281 ex
1670 1223 1833 1280 artt.
1879 1211 2088 1281 Tituli
2130 1211 2271 1281 XII

246 1342 434 1412 Libr.
505 1341 621 1409 III
690 1338 890 1410 Cod..
932 1338 1075 1409 civ.
1102 1390 1122 1427 ‚
1173 1349 1244 1407 et
1291 1337 1532 1408 nullus
1574 1337 1915 1408 articulus
1961 1337 2133 1430 legis
2180 1337 2271 1407 de

248 1490 534 1536 munere
573 1462 758 1533 ,Tab.
822 1462 1010 1532 illius
1067 1462 1291 1532 officia
1361 1461 1497 1532 hoc
1565 1464 1636 1531 in
1684 1461 1996 1556 deposito
2043 1486 2269 1556 praes-

249 1591 459 1662 tanda
505 1590 805 1684 respicit.

395 1714 604 1809 Quod
669 1725 904 1783 autem
975 1712 1258 1781 monui:
1329 1711 1801 1781 Tabellionem
1880 1735 1961 1782 ex
2007 1735 2275 1783 munere

248 1865 370 1912 suo
437 1839 610 1909 nihil
679 1836 872 1908 aliud
943 1835 1290 1908 custodire
1315 1889 1335 1924 ,
1429 1834 1613 1905 illud
1686 1859 1828 1907 non
1900 1838 2047 1906 sine
2116 1861 2274 1907 con·

246 1967 402 2039 silio
471 1966 624 2036 feci.
724 1960 1225 2054 Distinguenda
1279 1962 1461 2030 enim
1518 1971 1682 2030 sunt
1738 1983 1819 2030 ea
1874 1985 2056 2054 quae
2126 1987 2277 2032 cus-

247 2090 430 2161 todit
455 2143 476 2179 ‚
539 2096 859 2184 quatenus
917 2084 1206 2158 Tabellio
1249 2093 1345 2155 est
1370 2138 1391 2175 ,
1447 2084 1539 2154 ab
1613 2086 1935 2156 omnibus
1992 2087 2278 2182 reliquis

251 2215 623 2310 depositis:
682 2211 1034 2282 interdum
1091 2209 1178 2279 fit
1225 2221 1306 2280 ut
1353 2210 1663 2282 Tabellio
1707 2214 2045 2306 pecuniae
2092 2238 2279 2284 sum-

250 2362 440 2409 mam
519 2340 855 2431 accipiat,
937 2360 1149 2430 quam
1227 2334 1574 2406 custodiat
1653 2349 1725 2407 et
1804 2338 1919 2408 alii
2002 2339 2276 2430 tradat,

251 2466 524 2560 quoties
592 2485 843 2556 nempe
868 2513 890 2553 ‚
960 2462 1260 2532 nomine.
1310 2462 1494 2532 tertii
1568 2462 1933 2555 cujusdam
1992 2464 2280 2559 publice

250 2591 434 2661 hona
503 2588 790 2661 mobilia
859 2587 1116 2657 vendit.
1242 2586 1663 2658 Conceditur
1736 2587 1840 2657 illi
1916 2589 2089 2660 haec
2158 2613 2281 2685 po·

251 2727 466 2786 testas
511 2736 666 2808 per
735 2712 1040 2783 edictum
1109 2737 1204 2781 m.
1271 2711 1473 2781 Febr.
1544 2736 1587 2781 a
1656 2708 1847 2781 1771
1918 2712 2113 2808 quod
2180 2738 2281 2785 se·

252 2840 570 2911 cundum
641 2838 869 2931 legem
940 2835 1034 2907 12
1101 2836 1471 2907 Fructidor
1539 2860 1629 2906 an
1698 2834 1791 2928 4,
1890 2862 2029 2908 una
2116 2864 2281 2913 cum

253 2966 540 3036 decreto
607 2963 968 3034 Directorii
994 3016 1014 3053 ‚
1087 2962 1282 3059 quod
1338 2961 1482 3033 huc
1540 2975 1811 3057 spectat
1866 2962 2127 3061 (arrete
2182 2965 2281 3035 du

254 3090 620 3161 directoire
704 3088 1015 3159 executif
1074 3087 1176 3158 du
1245 3085 1342 3157 27
1409 3087 1657 3160 Nivose
1726 3114 1837 3159 an.
1909 3087 1991 3187 5)
2016 3142 2039 3181 ‚
2111 3092 2284 3184 legis

255 3216 742 3285 auctoritatem
833 3214 1041 3283 etiam
1135 3211 1326 3308 apud
1401 3237 1527 3284 nos
1605 3214 1928 3307 possidet.
2048 3215 2283 3309 Hujus

255 3339 468 3413 edicti
534 3350 662 3409 art.
733 3336 780 3407 5
838 3337 1219 3409 Tabellioni
1243 3390 1264 3427 ‚
1333 3334 1751 3432 Graphiario
1818 3352 1943 3410 aut
1988 3338 2285 3435 Appari·

255 3467 394 3535 tori
438 3464 864 3560 praecipitur
889 3516 909 3553 ‚
983 3475 1064 3533 ut
1133 3465 1474 3556 pecuniae
1519 3487 1864 3533 summam
1930 3488 2056 3557 per
2125 3488 2285 3536 ven·-

256 3590 590 3661 ditionem
661 3600 1018 3682 acceptam
1089 3590 1426 3683 recipiant
1498 3600 1568 3658 et
1616 3588 2031 3660 custodiant.
2128 3589 2285 3661 Hoc

255 3724 494 3785 autem
588 3738 756 3785 casu
846 3712 1157 3784 Tabellio
1251 3735 1391 3783 non
1481 3712 1785 3783 custodit
1872 3738 1955 3785 ex
2020 3738 2289 3788 munere

262 3840 637 3935 (quatenus
727 3836 1040 3908 Tabellio
1122 3838 1254 3930 est)
1334 3838 1456 3908 sed
1523 3850 1866 3932 quatenus
1946 3840 2288 3912 vendendi

256 3976 566 4061 potestas
635 3962 738 4033 illi
810 3962 964 4057 lege
1033 3986 1354 4034 concessa
1425 3974 1550 4033 est.
1906 3948 1911 3954 ⁴

409 4090 564 4159 Hoc
618 4100 809 4160 recte
865 4088 1262 4167 observasse
1316 4112 1400 4160 eo
1459 4090 1677 4184 magis
1728 4091 2013 4163 interest
2038 4144 2059 4183 ‚
2114 4115 2287 4186 quo·
