2934 5102
1144 622 1290 694 129

201 863 349 932 seq.
426 837 517 906 de
594 838 879 906 crimine
955 859 1026 930 q.
1104 835 1177 904 d.
1258 832 1641 904 forfaitura.
1771 833 1926 903 Non
1999 832 2228 904 solum

201 974 486 1056 propter
542 961 796 1031 delicta
820 1013 843 1050 ‚
898 959 1021 1030 sed
1080 971 1365 1054 propter
1420 957 1677 1029 malam
1748 981 2030 1052 quoque
2077 981 2229 1030 cus-

203 1087 461 1158 todiam
490 1141 511 1176 ,
570 1086 825 1180 culpae
882 1084 1221 1155 obnoxius
1278 1096 1385 1154 est
1428 1083 1776 1173 Exactor‚
1823 1081 1989 1154 licet
2031 1083 2230 1154 nulla

200 1215 271 1282 in
348 1237 501 1283 eam
572 1237 615 1280 a
688 1211 908 1280 latore
980 1209 1151 1302 legis
1215 1233 1439 1304 poena
1511 1210 1886 1280 constituta
1955 1209 2065 1278 sit.

346 1336 642 1429 Qualem
706 1311 985 1430 culpam
1048 1347 1397 1430 praestare
1442 1333 1746 1424 debeat,
1818 1333 2113 1404 vidimus
2159 1335 2232 1404 in

201 1464 384 1532 Sect.
438 1461 546 1551 ΙΙ,
596 1460 809 1552 hujus
860 1440 1125 1555 capitis.
1227 1459 1550 1553 Inprimis
1599 1460 1734 1532 hoc
1781 1462 1967 1531 valet
2004 1483 2232 1556 quum

201 1589 533 1682 pecunias
557 1639 579 1675 ‚
688 1609 863 1679 quas
958 1585 1486 1678 consignationis
1577 1609 1817 1678 caussa
1917 1587 2185 1680 accepit
2208 1637 2229 1675 ,

201 1737 344 1783 non
414 1712 674 1782 remisit
746 1712 819 1780 in
864 1712 1206 1780 aerarium
1232 1763 1252 1800 ,
1324 1709 1449 1780 sed
1495 1709 1910 1803 negligentia
1963 1713 2231 1798 amisitz,

202 1849 379 1908 tunc
452 1837 635 1907 enim
708 1859 981 1928 semper
1050 1846 1331 1906 tenetur
1386 1859 1473 1904 ex
1521 1837 1790 1906 actione
1838 1836 2072 1926 civili,
2143 1837 2232 1906 ad

200 1943 591 2033 reddendas
642 1963 971 2054 pecunias
993 2013 1014 2051 ,
1056 1971 1127 2030 et
1176 1961 1403 2031 omnia
1452 1959 1706 2030 damna
1752 1984 1838 2031 ex
1885 1961 2234 2054 negligen-

204 2090 301 2157 tia
353 2098 503 2156 orta
550 2084 1003 2155 resarcienda.
1105 2083 1190 2152 In
1238 2086 1574 2176 majorem
1628 2088 2068 2156 securitatem
2119 2088 2236 2158 de·

202 2213 613 2306 ponentium
640 2263 662 2299 ‚
713 2209 1157 2302 vectigalium
1230 2209 1680 2303 publicorum
1748 2210 2050 2282 Exactor
2095 2236 2237 2283 non

202 2337 437 2408 solum
486 2337 664 2430 ipse,
714 2333 836 2404 sed
870 2336 1079 2404 etiam
1114 2336 1170 2404 is
1205 2335 1327 2427 qui
1374 2336 1526 2427 ejus
1563 2359 1848 2406 munere
1883 2336 2229 2430 fungitur,

203 2460 802 2558 quemadmodum
849 2459 933 2528 fit
985 2459 1075 2530 ab
1124 2459 1264 2529 illis
1309 2462 1433 2554 qui
1482 2485 1520 2530 a
1570 2484 1863 2531 numero
1909 2453 2236 2558 superan-

200 2589 297 2661 do
344 2611 597 2657 nomen
646 2586 908 2657 habent
936 2584 1483 2681 (Sumumerair)
1509 2638 1530 2675 ,
1581 2589 1973 2659 cautionem
2003 2590 2238 2684 (Bory-

204 2712 376 2809 toyt)
424 2713 588 2783 dare
633 2712 868 2782 debet.
954 2710 1131 2781 Inde
1180 2710 1605 2781 restituenda
1652 2726 1816 2784 sunt
1865 2716 2091 2785 omnia
2141 2716 2238 2785 in-

202 2838 573 2911 commoda
649 2850 718 2909 et
792 2837 1045 2907 damna
1116 2860 1299 2930 quae
1344 2838 1584 2907 civitas
1634 2840 1779 2932 pati
1829 2840 2068 2933 possit.
2169 2840 2238 2909 Si

200 2966 259 3035 is
338 2966 461 3059 qui
534 2963 889 3034 Exactoris
960 2986 1250 3033 munere
1310 2961 1670 3055 fungitur,
1721 2964 2240 3058 quodammodo

202 3091 559 3161 civitatem
584 3088 839 3158 damno
863 3084 1124 3178 affecit,
1174 3090 1482 3183 primum
1509 3086 1903 3160 adhibenda
1939 3104 2043 3162 est
2079 3116 2239 3163 cau·

201 3219 306 3287 tio
384 3214 476 3283 ab
542 3213 669 3283 illo
718 3213 926 3305 data,
1000 3212 1249 3284 deinde
1274 3267 1295 3303 ,
1367 3216 1424 3283 si
1481 3214 1603 3285 illa
1677 3239 1818 3285 non
1891 3216 2191 3287 sufficiat
2218 3269 2239 3306 ‚

199 3342 427 3436 ipsius
496 3339 853 3408 Exactoris
926 3340 1129 3431 cujus
1201 3338 1438 3409 locum
1519 3336 1751 3429 tenet,
1819 3343 2069 3412 cautio,
2172 3342 2242 3411 Si

198 3467 639 3561 deponentes
687 3462 874 3557 apud
922 3454 1333 3534 Exactorem
1383 3462 1729 3558 depositas
1777 3469 2104 3560 pecunias
2139 3491 2241 3538 re·

197 3601 467 3688 petunt
492 3643 515 3680 ‚
562 3590 796 3659 statim
842 3588 1299 3683 depositarius
1344 3589 1595 3661 reddat
1642 3614 1920 3663 necesse
1969 3606 2120 3681 est3
2187 3594 2243 3665 si

202 3740 378 3789 vero
450 3716 777 3809 requisita
852 3716 1188 3808 pecuniae
1260 3739 1534 3787 summa
1599 3740 1740 3787 non
1812 3731 2086 3812 praesto
2156 3722 2244 3790 sit

197 3848 277 3916 in
356 3839 801 3934 receptaculo
852 3840 1306 3934 pecuniarum
1356 3841 1802 3935 publicarum
1854 3844 2241 3935 Exactoris,

199 3966 599 4067 petendum
651 3976 755 4036 est
803 3964 968 4035 huic
1021 3977 1100 4034 ut
1148 3968 1485 4059 pecuniae
1539 3966 1888 4065 (subsidia)
1925 3969 2054 4039 sibi
2091 3972 2244 4040 mit-

203 4104 461 4168 tantur
486 4144 506 4181 ,
606 4089 795 4160 unde
902 4089 1298 4185 depositum
1391 4091 1682 4163 reddere
1774 4095 1989 4188 possit
2013 4146 2034 4183 ‚
2105 4072 2243 4165 'cf.

1709 4216 1756 4285 9
