2934 5102
1127 645 1231 717 55

162 877 338 950 quae
411 855 764 946 legislator
833 855 1137 925 indicare
1185 855 1406 924 voluit
1452 877 1583 950 per
1626 852 1883 924 verba:
1944 877 1979 922 ι(
2007 849 2187 924 stulc-

165 1005 198 1048 «
225 980 346 1050 ken
415 1003 546 1050 aan
613 979 725 1049 het
790 978 1054 1072 colleqie
1124 977 1581 1049 behoorende.»

303 1104 536 1173 Primo
607 1103 764 1173 loco
833 1101 921 1172 ad
993 1102 1166 1172 haec
1230 1103 1533 1197 pertinet
1580 1101 1827 1172 album
1874 1104 1989 1173 cui
2013 1156 2037 1193 ,
2102 1127 2189 1174 ex

162 1228 396 1299 ordine
479 1229 956 1299 inscribuntur
1048 1251 1332 1298 caussae
1415 1252 1597 1322 quae
1664 1230 2190 1322 pertractandae

160 1367 324 1424 sunt
393 1357 464 1424 in
531 1354 944 1425 sessionibus
1014 1353 1322 1445 singulis,
1420 1353 1605 1423 Huic
1676 1353 1842 1424 albo
1916 1378 2233 1426 caussas·

159 1476 530 1548 inscriBere
625 1490 730 1548 est
812 1475 1228 1571 Graphiarii.
1351 1476 1515 1546 Tale
1589 1477 1833 1548 album
1900 1492 2191 1550 vocatur

164 1583 360 1695 apud·
417 1625 542 1672 nos
615 1601 766 1674 Rol.
890 1602 1456 1696 Uniuscujusque
1549 1625 1831 1672 caussae
1930 1602 2189 1674 delatio

161 1727 310 1819 ipsa
375 1749 464 1794 ex
533 1725 772 1796 ordine
806 1728 1170 1826 ‘temporis
1237 1725 1637 1795 inscribitur
1660 1779 1681 1816 ‚
1767 1737 1836 1796 et
1909 1728 2191 1820 insuper

162 1849 587 1919 adnotantur
697 1851 974 1918 nomina
1077 1851 1367 1936 actoris¹
1433 1861 1509 1919 et
1612 1837 2189 1943 procuratorum3

163 1972 355 2067 apud
402 1975 664 2042 curiam
693 1972 1218 2044 -Provincialem
1285 1985 1555 2043 exstant
1604 1975 1964 2068 complura
2010 1977 2189 2067 ejus·

159 2094 356 2166 modi
422 2097 684 2189 generis
740 2095 901 2166 alba
947 2119 1248 2190 quorum
1293 2119 1519 2166 unum
1568 2123 1601 2166 «
1635 2096 1949 2168 Generale
1996 2098 2127 2170 Rol
2151 2125 2185 2168 »

160 2218 438 2290 dicitur.
546 2219 732 2290 Huic
793 2219 1268 2290 inscribuntur
1325 2242 1563 2290 omnes
1617 2220 2041 2309 delationes3
2102 2245 2187 2296 ex

162 2365 252 2412 eo
321 2342 696 2414 nonnullae
768 2365 1049 2412 caussae
1115 2343 1515 2414 referuntur
1580 2346 1652 2414 in
1720 2345 1964 2415 album
2030 2369 2185 2443 spe-

163 2466 382 2557 ciale,
455 2471 604 2561 ejus
673 2465 988 2538 Gamerae
1059 2463 1367 2565 (kamer)
1394 2520 1413 2558 ,
1492 2471 1605 2538 cui
1675 2471 1845 2540 istae
1906 2493 2187 2544 caussae
2304 2455 2310 2459 ’

162 2582 438 2663 delatae
509 2604 674 2663 sunt
696 2645 718 2682 ,
802 2592 996 2688 quod
1067 2592 1328 2663 indicat
1400 2617 1798 2667 caussarum
1873 2593 2187 2667 ordinem

159 2731 236 2788 et
309 2730 585 2812 tempus
658 2741 800 2811 quo
877 2716 1278 2787 tractandae
1339 2728 1525 2787 sunt.
1623 2717 1709 2785 In
1760 2739 2185 2811 unoquoquo

156 2841 524 2912 Tribunali
578 2851 683 2911 est
739 2837 983 2916 album
1055 2838 1249 2935 quod
1321 2862 1593 2911 caussas
1664 2837 1991 2934 poenales
2015 2894 2036 2932 ‚
2112 2851 2185 2913 et

159 2966 468 3057 alterum
528 2964 719 3060 quod
775 2988 1048 3035 caussas
1110 2963 1342 3061 civiles
1391 2963 1700 3051 indicatt,
1750 2976 1855 3035 est
1903 2988 2185 3060 quoque

158 3090 411 3161 album
483 3091 836 3162 continens
907 3112 1180 3159 caussas
1229 3087 1317 3157 de
1365 3089 1625 3182 quibus
1671 3089 1950 3161 Praeses
1999 3090 2183 3160 Trib.

155 3214 258 3285 de
326 3214 536 3309 plano
609 3212 731 3305 (en
788 3211 1036 3304 refere)
1100 3211 1439 3301 decernit,
1502 3212 1593 3283 cf.
1653 3224 1781 3283 art.
1842 3211 1963 3284 45.
2060 3213 2185 3287 Le-

156 3342 268 3433 gis
345 3363 398 3408 s.
474 3338 524 3407 l.
1255 3364 1266 3371 ·

315 3462 438 3532 Est
495 3485 780 3556 quoque
837 3461 1029 3531 aliud
1079 3461 1319 3531 album
1369 3486 1400 3530 «
1427 3460 1937 3532 audientie-blad
1964 3487 1995 3529 »
2045 3460 2188 3531 dic-

158 3601 374 3676 tum,
448 3585 536 3657 cf.
611 3598 742 3655 art.
807 3582 920 3654 64.
1033 3585 1230 3679 Legis
1286 3610 1342 3655 s,
1403 3585 1453 3654 l.
1514 3598 1584 3656 et
1634 3585 1841 3656 Carre
1891 3585 1980 3654 ad
2030 3596 2227 3656 artt.·

156 3709 276 3782 18·
367 3722 438 3780 et
533 3706 678 3779 198
778 3709 852 3780 C.
951 3709 1041 3778 de
1133 3710 1247 3781 Pr.
1343 3714 1444 3778 n0.
1552 3706 1617 3780 7.
1712 3732 1900 3803 quo,
1988 3733 2194 3781 omne

155 3834 362 3931 quod
432 3836 786 3929 peragitur
851 3836 924 3903 in
983 3833 1144 3903 foro,
1180 3835 1437 3929 scripto
1484 3832 1966 3907 mandadatur.
2022 3848 2035 3857 ‘
2077 3833 2198 3907 Ad

157 3962 310 4033 hoc
392 3957 637 4029 album
711 3981 752 4026 a
825 3956 1256 4050 litigantibus
1342 3957 1529 4051 affigi
1600 3956 1778 4029 solet
1843 3957 2199 4054 exemplar

155 4083 506 4177 originale
601 4081 1126 4154 conclusionum
1224 4079 1417 4177 quod
1509 4104 1637 4153 suo
1743 4082 2199 4177 chirographo

1664 4203 1709 4273 5
