2934 5102
1194 645 1286 719 11

217 872 342 954 get
398 884 609 950 eum,
668 860 872 952 cujus
928 857 1102 928 fidas
1157 869 1230 929 et
1286 859 1642 952 integritas
1700 860 1829 930 sibi
1876 859 2247 930 maximam

216 985 556 1056 fiduciam
605 982 974 1078 praebent.
1025 983 1428 1074 ⁴Praeterea
1478 985 1624 1076 ipse
1670 983 2021 1076 legislator
2060 1007 2251 1078 prae-

217 1111 412 1204 cepit
435 1162 455 1199 ‚
514 1121 594 1179 ut
647 1107 1148 1179 documentum
1206 1107 1664 1202 perficeretur
1688 1159 1709 1198 ,
1770 1108 1860 1179 cf.
1919 1120 2047 1178 art.
2107 1105 2253 1178 979

173 1315 178 1318 ,
217 1235 298 1306 C.
358 1234 434 1306 C.
491 1257 574 1304 ex
647 1257 788 1328 quo
859 1233 947 1303 de
1002 1233 1318 1327 deposito
1383 1244 1797 1303 testamento
1855 1243 2206 1302 constaret
2230 1283 2251 1321 ‚

218 1359 436 1452 idque
525 1358 842 1452 quamvis
921 1358 992 1427 in
1061 1356 1368 1427 ineundo
1436 1381 1727 1428 munere
1790 1356 2253 1450 jurejurando

218 1484 579 1578 pollicitus
621 1481 859 1553 ‘suerit
925 1481 1236 1553 Tabellio
1296 1505 1368 1551 se
1419 1480 1709 1552 honeste
1766 1483 1838 1551 in
1886 1505 1967 1552 eo
2014 1505 2253 1574 geren-

218 1608 314 1679 do
379 1620 819 1678 versaturum
888 1629 1056 1677 esse.

370 1731 750 1826 Exemplar
825 1730 1040 1824 hujus
1117 1732 1605 1818 instrumenti,
1694 1731 1873 1800 tradi
1944 1732 2255 1802 testatori

219 1858 337 1928 lex
401 1881 544 1927 non
606 1856 864 1948 jubet3
949 1867 1258 1925 attamen
1332 1855 1466 1926 hoc
1536 1856 1999 1926 instrumento
2068 1854 2254 1926 facto

209 2006 546 2075 magnam
607 1982 859 2074 accipit
927 1981 1370 2051 securitatem
1440 1978 1531 2050 de
1597 1979 1996 2074 accipiendo
2020 2033 2041 2071 ‚
2091 1981 2253 2073 quia

223 2106 538 2177 Tabellio
593 2105 1030 2198 originalium
1087 2128 1374 2182 suorum
1425 2106 2047 2176 instrumentorum
2094 2128 2254 2176 auc·

228 2233 581 2302 toritatem
651 2253 902 2323 negare
967 2230 1256 2324 nequit,
1341 2252 1569 2324 neque
1637 2254 1717 2300 ea
1786 2231 2252 2323 supprimere,

227 2359 392 2451 quia
452 2354 563 2426 lex
620 2379 914 2448 poenam
961 2356 1341 2448 graviorem
1390 2356 1461 2424 in
1504 2353 1684 2424 illud
1734 2354 2071 2426 delictum
2120 2366 2254 2425 sta-

229 2483 388 2553 tuit.
437 2480 528 2550 cf.
576 2492 704 2550 art.
753 2477 899 2548 254
948 2480 1022 2550 C.
1069 2480 1146 2549 P.

374 2607 750 2700 Exemplar
794 2607 1237 2675 instrumenti
1284 2605 1373 2674 de
1421 2603 1739 2698 deposito
1785 2588 2076 2675 testator
2120 2606 2255 2675 exi-

229 2756 390 2825 gere
457 2742 733 2824 potest,
805 2730 998 2824 quod
1069 2741 1394 2800 accurate
1459 2730 1822 2799 conveniat
1894 2753 2056 2799 cum
2128 2731 2257 2799 ori·

231 2856 440 2950 ginali
505 2857 986 2927 instrumento.

375 2980 596 3050 Aliud
678 2978 849 3074 quid
914 2979 1226 3073 deposito
1296 2980 1363 3047 in
1437 3000 1687 3071 genere
1734 3002 1895 3049 cum
1922 2978 2255 3073 deposito

235 3105 744 3177 testamentario
816 3126 1186 3173 commune
1255 3115 1404 3173 est:
1486 3102 1837 3196 deponens
1862 3155 1883 3192 ‚
1968 3115 2257 3173 testator

236 3253 482 3323 nempe
506 3282 526 3319 ‚
602 3250 874 3322 semper
941 3240 1253 3322 repetere
1323 3238 1555 3323 potest
1624 3252 1832 3298 suum
1889 3240 2292 3301 testamen-·

233 3368 408 3425 tum.
485 3354 577 3425 cf.
651 3365 779 3423 art.
855 3349 1135 3422 9810.
1203 3351 1279 3422 C.

379 3481 449 3549 Si
521 3478 744 3549 officia
819 3489 890 3547 ct
949 3479 1112 3569 jura
1196 3477 1612 3547 Tabellionis
1691 3489 2255 3571 perscrutamur,

237 3606 470 3705 magis⁸
525 3604 882 3696 magisque
963 3601 1177 3694 hujus
1246 3577 1639 3695 depositarii
1708 3625 1964 3671 munus
2035 3602 2257 3696 expli-

239 3740 398 3799 catu
477 3729 763 3821 dignum
842 3726 1163 3813 videtur3
1243 3728 1613 3820 praecipue
1693 3727 1763 3794 in
1844 3738 2255 3798 testamento

238 3852 684 3924 custodiendo
766 3852 899 3922 hoc
979 3850 1487 3922 observandum
1560 3863 1662 3921 est
1685 3902 1706 3942 ,
1773 3850 1963 3945 quod
2026 3876 2256 3947 neque

235 3978 520 4050 heredes
599 4000 832 4071 neque
899 3977 945 4046 ii
1026 3977 1149 4071 qui
1215 4000 1611 4071 supremam
1660 3977 2090 4047 voluntatem
2140 3977 2258 4047 de·

237 4104 452 4177 functi
519 4114 997 4196 exsequuntur
1064 4102 1328 4173 habent
1396 4104 1519 4197 jus
1592 4102 2058 4175 revindicandi
2126 4115 2257 4173 tes·
