2934 5102
1605 570 1701 643 14

641 783 822 852 niam
879 781 1052 875 plus
1105 780 1319 852 semel
1380 780 1751 852 tribunalia
1817 793 2215 852 statuerunt
2236 834 2256 873 ‚
2329 782 2679 855 Tabellio·

639 930 796 976 nem
824 961 844 998 ‚
919 931 1140 1001 quum
1195 906 1583 977 istiusmodi
1640 909 1978 1002 pecuniae
2032 931 2381 978 summam
2442 920 2679 980 custo-

637 1031 817 1101 diret
840 1084 861 1121 ,
927 1031 1320 1125 depositarii
1386 1032 1658 1127 publici
1728 1056 2091 1126 personam
2165 1057 2414 1126 agere:
2461 1044 2472 1052 ”
2486 1057 2675 1128 quae

637 1157 920 1250 quidem
991 1158 1327 1228 sententia
1395 1181 1476 1226 ea
1546 1181 1727 1252 quae
1794 1157 2015 1251 probe
2084 1171 2250 1228 sunt
2332 1157 2673 1251 distingu-

637 1280 814 1350 enda
838 1333 859 1370 ,
929 1283 1174 1351 misere
1240 1280 1666 1352 confundere
1735 1282 2031 1352 videtur.

1453 1527 1844 1552 ⁴0ae

1327 1710 1810 1770 SECTIO
1890 1712 1975 1769 ΙΙ.

699 1945 784 1986 DE
824 1947 906 1986 ns
947 1945 1116 1988 QUAE
1155 1945 1527 1984 OBSERVARE
1565 1946 1769 1986 DEBET
1808 1947 2121 1986 TABELLIO
2162 1949 2232 1987 IN
2272 1947 2599 1991 DEPosrrO.

779 2173 1301 2267 Inquirenlibus
1378 2173 1578 2244 nobis
1645 2173 1735 2243 de
1806 2173 2118 2245 custodia
2198 2177 2453 2246 iterum
2544 2177 2660 2246 ad-

634 2297 904 2368 eundus
976 2309 1078 2368 est
1147 2299 1304 2366 Art.
1379 2296 1494 2384 61,
1534 2297 1731 2391 Legis
1792 2323 1845 2368 s.
1896 2298 1943 2367 l.
1970 2353 1990 2390 ‚
2059 2302 2181 2394 qui
2251 2302 2350 2370 sic
2416 2302 2659 2372 audit:

781 2449 815 2492 «
843 2422 945 2493 De
1023 2424 1413 2494 Notarissen
1495 2423 1730 2494 zullen
1806 2424 2045 2496 hunne
2120 2428 2437 2498 minuten
2462 2482 2482 2519 ‚
2556 2451 2659 2498 re-

636 2575 669 2619 «
696 2551 937 2643 gisters
1005 2573 1092 2619 en
1161 2550 1539 2645 repertor-ia
1608 2548 2013 2643 zorgvuldig
2074 2554 2146 2621 in
2208 2576 2377 2624 eene
2438 2554 2663 2647 regel-

635 2700 669 2743 «
695 2676 951 2769 matige
1024 2674 1188 2745 orde
1261 2675 1581 2745 bewaren
1606 2726 1626 2764 ,
1695 2698 1781 2744 en
1851 2675 1962 2746 die
2033 2677 2259 2748 steeds
2330 2702 2421 2773 op
2488 2703 2659 2750 eene

633 2825 667 2869 «
695 2801 941 2892 veilige
1009 2824 1095 2870 en
1165 2822 1533 2891 voegzame
1598 2800 1823 2894 plaats
1894 2802 2367 2894 wegsluiten.»

774 2922 1268 3017 Quaerendum
1317 2935 1464 3013 est,
1510 2948 1685 2993 num
1722 2925 2042 2996 Tabellio
2098 2927 2415 2999 eamdem
2475 2930 2655 3002 hanc

628 3049 944 3143 regulam
1014 3048 1268 3119 debeat
1337 3050 1532 3143 sequi
1600 3051 1687 3118 in·
1742 3050 2209 3123 custodiendis
2280 3065 2652 3127 testamen—

635 3172 774 3245 tis?
825 3217 926 3230 -—
971 3173 1212 3269 Ampl.
1282 3197 1576 3246 sunnon<
1636 3173 1751 3271 (1)
1808 3180 2220 3247 sententiam
2290 3182 2651 3275 amplexus

630 3312 737 3371 est
759 3354 780 3393 ‚
853 3299 1033 3371 inter
1105 3300 1458 3393 originalia
1527 3299 1944 3372 Tabellionis
1989 3304 2457 3376 “instrumenta
2525 3319 2652 3378 tes-

629 3436 1018 3497 tamentum
1089 3424 1597 3521 holographum
1672 3448 1820 3497 esse
1866 3418 2447 3501 custodiendum.

773 3552 1132 3645 Nusquam
1201 3550 1485 3645 quidem
1553 3552 1625 3620 in
1689 3551 1843 3645 lege
1912 3553 2001 3623 de
2065 3579 2353 3628 munere
2413 3557 2652 3629 Tabel-

711 3854 801 3935 (1)
852 3855 1004 3914 vide
1055 3838 1513 3935 disputationem
1564 3855 1921 3931 Juridicam‚
1980 3858 2053 3917 de
2110 3861 2469 3921 'tabellionis
2525 3864 2657 3922 offi-

627 3951 736 4011 ciis
801 3958 1088 4029 quatenus
1152 3951 1214 4008 in
1280 3971 1434 4010 novo
1502 3952 1718 4011 Codice
1784 3951 1909 4012 Civ.
1976 3948 2231 4031 Belgico'
2275 3954 2657 4035 exponantur.

626 4044 816 4123 Lugd.
865 4044 996 4101 But.
1053 4046 1239 4116 1828,
1288 4045 1447 4123 apud
1498 4063 1551 4104 e.
1600 4063 1652 4103 c,
1702 4062 1760 4104 v.
1811 4064 1871 4104 n.
1920 4064 2111 4105 nomz.
