2934 5102
1160 616 1249 688 61

186 822 339 891 tulo
366 874 389 909 ‚
470 820 564 890 ob
637 818 950 890 eamdem
1012 843 1323 890 caussam
1350 872 1371 910 ‚
1448 820 1640 915 apud
1687 822 2164 915 magistratum
2191 874 2214 910 ‚

186 945 433 1015 eodem
508 944 717 1014 modo
787 944 1073 1038 publice
1148 943 1237 1013 ad
1294 944 1429 1015 hoe
1489 947 1946 1015 constitutum
2006 944 2215 1038 depo·

184 1082 467 1138 nantur.
592 1069 772 1139 Usus
847 1080 1079 1137 tamen
1151 1068 1443 1137 invaluit
1512 1080 1593 1137 ut
1651 1092 2035 1162 numquam
2097 1068 2216 1139 ob-

185 1194 480 1285 signatio
560 1191 965 1285 perficiatur
1047 1192 1236 1285 apud
1308 1189 1798 1286 Graphiarium
1827 1245 1848 1282 ‚
1923 1195 2044 1285 qui
2118 1194 2219 1261 ni·

187 1317 563 1386 hilominus
637 1318 979 1385 neminem
1040 1317 1370 1410 relinquit
1398 1370 1417 1406 ‚
1495 1320 1617 1411 qui
1666 1317 2078 1411 respondeat
2128 1316 2216 1385 de

188 1442 401 1511 rebus
477 1442 786 1525 amissi53
884 1437 1339 1533 Graphiarius
1410 1441 1754 1511 substitus
1825 1464 2058 1511 revera
2133 1440 2218 1509 fit

192 1565 443 1659 eulpae
491 1588 657 1634 suae
706 1564 1043 1635 obnoxius
1069 1618 1087 1653 ‚
1140 1566 1193 1633 si
1243 1567 1315 1633 in
1364 1588 1572 1657 opera
1621 1565 1956 1658 quadam,
2005 1588 2217 1657 quam

191 1688 683 1782 perficiendam
730 1686 1183 1783 Graphiarius
1222 1690 1432 1780 jussit
1458 1742 1478 1777 ,
1533 1687 2046 1782 quodammodo
2103 1688 2218 1756 de-

191 1813 445 1905 liquit,
523 1810 614 1882 c-f.
690 1824 819 1881 art.
885 1809 979 1879 70
1036 1812 1233 1903 Legis
1284 1809 1766 1907 (Reglement)
1815 1836 1870 1881 s.
1922 1811 1970 1879 l.
2022 1810 2220 1901 Legis

194 1938 261 2005 in
340 1942 479 2005 art0
554 1933 701 2027 660
772 1935 849 2005 C.
926 1936 1015 2005 de
1089 1924 1303 2005 meth.
1378 1959 1572 2029 proc.
1640 1938 1712 2005 in
1770 1936 1844 2006 C.
1908 1936 2012 2005 C..
2043 1936 2218 2004 ratio

194 2084 330 2132 non
406 2061 633 2129 minus
692 2082 905 2153 quam
965 2059 1177 2129 verba
1236 2060 1746 2130 conclusionem
1815 2058 2220 2153 postulant:

196 2184 739 2275 obsignationem
815 2184 1093 2251 omnino
1166 2182 1662 2275 perficiendam
1737 2207 1902 2253 esse.

340 2308 633 2377 Tertiam
706 2330 895 2376 nunc
968 2308 1387 2399 attingamus
1432 2309 1900 2401 quaestionem
1972 2330 2222 2401 nempe

197 2431 425 2501 hane:
1088 2431 1104 2438 “
1957 2522 1962 2527 ι

344 2555 525 2626 Num
616 2554 929 2626 officialis
1028 2555 1359 2649 publicus
1456 2579 1584 2624 suo
1658 2558 1820 2647 jure
1901 2557 2223 2648 persequi

197 2681 412 2772 possit
437 2732 457 2768 ‚
534 2681 589 2748 si
662 2679 1001 2749 violatum
1060 2681 1147 2747 sit
1207 2679 1600 2772 depositum
1651 2702 1688 2746 a
1740 2675 2153 2770 Graphiario
2180 2676 2220 2746 ’ἒ

343 2804 713 2874 Articulus
818 2799 914 2871 22
1021 2803 1191 2873 Cod.
1300 2802 1388 2872 de
1485 2802 1700 2871 meth.
1785 2826 1890 2895 pr.
1974 2802 2046 2870 in
2142 2802 2218 2871 C.

198 2927 273 2996 P.
380 2926 725 3021 *prohibet
808 2939 1293 3020 spontaneam
1410 2927 1963 3020 persecutionem
2078 2949 2219 2996 eer-

201 3054 285 3121 tis
360 3050 633 3120 casibus
659 3104 679 3140 ‚
754 3052 933 3120 inter
1005 3073 1183 3143 quos
1254 3053 1461 3120 etiam
1535 3062 1640 3120 cst
1714 3075 1912 3120 casus
1986 3049 2221 3121 violati

199 3175 492 3268 depositi
566 3175 951 3244 voluntarie
1026 3173 1190 3242 facti
1220 3225 1239 3262 ‚
1315 3176 1442 3242 nisi
1516 3197 1676 3266 pars
1751 3173 1933 3242 laesa
1993 3196 2220 3265 perse·

198 3300 547 3368 cntionem
624 3300 919 3391 petierit.
981 3297 1070 3368 ef.
1133 3309 1261 3367 art.
1321 3294 1417 3366 22
1479 3296 1576 3365 al⁸
1627 3293 1704 3364 2²
1757 3296 1832 3365 C.
1884 3294 2220 3385 ejusdem.

346 3423 573 3513 Igitur
646 3416 751 3491 est
809 3421 1287 3515 quaerendum
1346 3445 1516 3490 num
1579 3419 1968 3512 depositum
2029 3419 2220 3512 apud

196 3543 688 3638 Graphiarium
718 3597 737 3632 ‚
812 3545 899 3614 sit
972 3543 1347 3614 dicendum
1429 3543 1943 3631 voluntarium,
2029 3540 2221 3636 quod

196 3672 267 3738 in
329 3673 472 3738 art⁰
533 3665 729 3737 1755
778 3668 853 3737 C.
906 3668 981 3737 C.
1034 3669 1426 3760 oppositum
1458 3678 1582 3736 est
1629 3665 1944 3759 deposito
1991 3689 2221 3736 neees-

194 3797 377 3863 sario
448 3791 699 3867 dicto?
750 3793 1059 3886 quaestio
1109 3791 1280 3862 haec
1332 3803 1435 3861 est
1485 3792 1874 3883 gravissima
1901 3842 1923 3878 ,
1975 3803 2045 3860 et
2093 3814 2222 3884 pro

196 3916 409 3986 modo
491 3917 995 4010 persequendi,
1084 3928 1154 3985 et
1236 3940 1363 4010 pro
1436 3914 1644 3985 modo
1717 3913 2056 4009 probandi
2129 3912 2218 3984 ef.

198 4052 329 4110 art.
412 4038 606 4109 1940
679 4040 754 4110 C.
831 4041 906 4109 C.
