2934 5102
1705 596 1801 668 90

885 806 966 877 20
1016 808 1237 901 Supra
1270 806 1616 877 dictarum
1651 807 2050 879 chartarum
2085 809 2552 880 additamenta
2585 807 2734 906 (Bij-

742 932 971 1004 bladen
1016 933 1133 1002 der
1177 931 1738 1027 oorspronkeltjke
1777 932 1997 1026 plana.

886 1056 965 1126 50
1016 1057 1311 1127 Chartae
1380 1080 1564 1150 quae
1631 1056 1966 1127 dicuntur
2033 1056 2226 1129 Nelte
2274 1058 2628 1153 kopyplans
2675 1058 2741 1149 of

742 1184 1070 1253 Atlas-sen.

882 1304 962 1375 40
1012 1306 1307 1376 Chartae
1375 1328 1558 1397 quae
1619 1329 1756 1377 usu
1801 1305 2089 1373 veniunt
2135 1307 2610 1398 agrimensori,
2671 1317 2730 1373 et

734 1441 1072 1499 vocantur
1121 1428 1605 1499 Zela-atlassen.

882 1554 1197 1646 Registra
1245 1578 1427 1647 quae
1472 1552 1562 1623 ad
1603 1552 1784 1622 hanc
1825 1554 2128 1646 speciem
2170 1555 2518 1646 pertinent
2556 1554 2758 1624 suntz'

878 1703 943 1749 a.
996 1679 1392 1771 Registrum
1420 1731 1441 1767 ,
1532 1678 1722 1771 quod
1812 1676 2153 1771 designari
2237 1678 2418 1749 solet
2486 1679 2726 1748 nomine

736 1828 769 1870 «
796 1802 1237 1895 aantmjzende
1284 1803 1482 1894 taskls
1505 1829 1560 1871 ».

878 1928 937 1997 b.
989 1928 1385 2019 Registrum
1409 1927 1678 1995 dictum
1739 1952 1770 1994 «
1794 1926 2345 2020 pcrcoelsqetmjze
2393 1928 2724 2021 leqyemm,

730 2053 922 2145 prius
992 2053 1361 2144 registrum
1430 2052 1737 2121 continet
1809 2052 2088 2120 nomina
2133 2050 2605 2141 dominorum,
2669 2062 2725 2121 et

730 2174 939 2245 simul
1011 2174 1271 2245 indicat
1344 2197 1688 2267 quaenam
1757 2176 2104 2269 cujusque
2168 2174 2470 2246 dominia
2517 2176 2722 2263 culta,

729 2323 1073 2392 quaenam
1119 2297 1385 2367 inculta
1432 2300 1590 2367 sint.

874 2446 932 2493 c.
982 2423 1379 2514 Registrum
1446 2433 1636 2491 arcte
1693 2423 2067 2493 cohaerens
2115 2447 2278 2493 cum
2328 2425 2601 2519 reliquis
2639 2446 2724 2491 re·

730 2548 953 2641 gistris
974 2601 995 2638 ,
1043 2547 1213 2618 dum
1258 2545 1729 2618 aedificiorum
1771 2549 2044 2618 numeri
2086 2546 2450 2644 (ηαυιθνοῆῂι
2474 2549 2584 2620 der
2597 2571 2723 2644 per-

726 2671 935 2768 celen)
1001 2672 1098 2742 ibi
1170 2672 1504 2764 leguntur
1571 2695 1654 2741 ex
1701 2671 1940 2741 ordine
2007 2675 2395 2743 sectionum
2463 2672 2724 2744 ordinati

728 2797 1053 2892 (Sectic’s
1097 2798 1361 2890 qewzjze
1404 2795 1864 2890 qeranyschikt
1880 2796 1930 2886 ).

868 2922 932 2990 d.
986 2922 1379 3012 Registrum
1452 2921 1720 2992 dictum
1795 2947 1826 2990 «
1855 2921 2180 3012 alqenaeen
2227 2922 2723 3014 aanteelceniuqs-

732 3071 765 3114 «
794 3044 1118 3138 reyister»
1144 3095 1163 3132 ,
1211 3046 1282 3113 in
1328 3068 1471 3138 quo
1517 3069 1757 3116 omnes
1800 3047 2220 3116 mutationes
2275 3059 2415 3117 tam
2475 3051 2544 3118 in
2597 3045 2721 3116 cul·

726 3182 883 3241 tura
928 3193 1139 3263 quam
1188 3170 1258 3237 in
1292 3171 1454 3261 jure
1501 3169 1786 3240 dominii
1835 3170 2278 3240 adnotantur.

868 3321 923 3367 e.
976 3295 1374 3386 Registrum
1456 3293 1752 3364 dictum·
1795 3321 1828 3363 «
1853 3295 2318 3388 verzamelinys
2393 3297 2632 3391 leqqers
2656 3321 2721 3383 »,

721 3420 915 3515 quod
962 3420 1269 3488 continet
1314 3419 1588 3489 nomina
1641 3421 1950 3489 omnium
1997 3421 2121 3513 qui
2167 3419 2431 3490 debent
2458 3422 2722 3512 vectiga-

722 3545 813 3614 lia
886 3542 1708 3638 (belastinqschuldiqen)3
1779 3555 1946 3612 sunt
1991 3555 2060 3614 et
2109 3545 2242 3613 alia
2289 3546 2724 3618 instrumenta

722 3669 811 3736 ad
856 3669 989 3738 hoc
1032 3668 1485 3762 pertinentia,
1537 3690 1718 3760 quae
1769 3679 1849 3736 ut
1897 3669 2122 3738 omnia
2166 3693 2595 3760 enumerem,
2641 3695 2724 3740 ar-

720 3803 1131 3888 gumentum
1206 3815 1440 3862 meum
1509 3814 1652 3860 non
1709 3792 2068 3886 postulat,
2132 3792 2474 3887 designari
2523 3797 2723 3868 solent

718 3916 1020 4012 generali
1062 3917 1341 3986 nomine
1394 3941 1424 3986 «
1452 3916 1828 3986 kadastrale
1876 3925 2088 3988 statem
2135 3941 2216 3988 en
2263 3919 2545 3998 stulclcen
2567 3949 2620 3990 ».

863 4041 996 4111 IV0
1046 4039 1423 4110 Videamus
1471 4039 1559 4109 de
1607 4053 1858 4134 quarta
1903 4043 2130 4134 specie
2162 4067 2394 4114 rerum
2425 4096 2445 4134 ,
2495 4065 2723 4138 nempe
