2934 5102
1649 578 1746 649 60

698 800 770 859 et
844 788 1017 859 tales
1088 811 1292 881 saepo
1366 788 1700 879 leguntur
1776 788 1956 875 locit,
2007 789 2142 859 ’sed
2203 793 2472 861 etiamsi
2531 791 2739 891 legis·

697 911 878 982 lator
968 924 1271 983 mentem
1368 936 1567 981 suam
1667 936 1802 982 non
1886 915 2250 1007 perspicue
2332 918 2732 986 enuntiave-

694 1038 832 1126 rit,
907 1037 1015 1105 illi
1090 1049 1323 1106 tamen
1390 1035 1648 1129 quibus
1722 1036 2128 1129 obsignandi
2178 1038 2488 1107 officium
2539 1063 2732 1107 man·

695 1161 940 1230 datum
990 1172 1094 1229 cst
1119 1213 1139 1248 ‚
1204 1173 1530 1253 reputare
1579 1159 1977 1229 debuissent
2005 1212 2025 1249 ,
2088 1156 2534 1253 Graphiarios
2585 1187 2728 1233 sae-

695 1285 971 1376 pissime
1070 1282 1251 1352 bona
1346 1284 1774 1374 privatorum
1859 1282 2310 1353 custodienda
2396 1288 2725 1378 recipere.

692 1409 901 1477 Ratio
928 1458 949 1495 ‚
1024 1405 1117 1476 ob
1177 1430 1389 1499 quam
1450 1406 1835 1498 obsignatio
1874 1406 2084 1499 apud
2145 1408 2467 1500 publicos
2514 1409 2726 1502 depo-

694 1530 959 1601 sitarios
1033 1541 1135 1599 est
1207 1531 1627 1621 praescripta
1656 1581 1676 1618 ,
1753 1528 1923 1599 haec
1997 1543 2101 1600 est
2129 1584 2149 1621 ‚
2222 1531 2418 1625 quod
2485 1535 2724 1603 civitas

693 1678 820 1749 per
892 1678 1051 1724 suos
1126 1653 1566 1745 magistratus
1625 1677 1868 1724 curare
1895 1706 1915 1743 ,
1981 1666 2051 1724 et
2126 1656 2472 1726 vindicare
2508 1660 2672 1748 jura
2702 1710 2720 1747 ,

694 1778 906 1849 debet
964 1778 1355 1847 absentium
1415 1801 1714 1869 quorum
1776 1777 1954 1847 bona
2015 1777 2351 1850 defuncto
2402 1804 2484 1850 eo
2510 1833 2530 1870 ‚
2606 1756 2721 1851 cui

694 1902 953 1973 credita
1014 1914 1210 1971 erant
1269 1901 1512 1970 leviter
1574 1901 1884 1995 dissipari
1944 1915 2243 1995 possent.
2311 1905 2404 1973 cf.
2458 1906 2545 1975 de
2593 1931 2720 1974 rm-

693 2052 797 2096 ·ro.
897 2026 1158 2096 Handb.
1208 2025 1420 2118 Bury.
1471 2025 1733 2117 Reqtsv.
1835 2025 1871 2121 ᾗ
1923 2024 2068 2095 467
2119 2028 2216 2096 ΙΙ.
2465 2020 2471 2025 ’

836 2150 1038 2219 Ratio
1135 2149 1304 2240 legis
1332 2202 1351 2238 ‚
1448 2174 1664 2242 quare
1748 2149 2132 2242 obsignatio
2215 2151 2367 2221 fieri
2452 2153 2670 2224 soleat
2695 2206 2716 2243 ‚

692 2274 882 2367 apud
956 2269 1446 2366 Graphiarium
1475 2324 1492 2352 ,
1570 2274 1641 2341 in
1715 2285 1944 2342 nostra
2019 2277 2423 2367 quaestione
2506 2278 2720 2347 valet.

691 2397 924 2467 Verba
986 2396 1257 2465 articuli
1326 2394 1596 2465 Codicis
1695 2396 1999 2467 Francici
2074 2398 2162 2469 cle
2221 2400 2438 2469 meth.
2489 2425 2596 2494 pr.
2647 2404 2720 2470 in

690 2522 768 2594 C.
851 2522 925 2592 C.
1012 2521 1147 2590 art⁰
1224 2516 1362 2590 911
1436 2520 1824 2613 significant
1907 2521 2144 2592 eadem
2222 2548 2404 2618 quae
2461 2538 2715 2596 noster.

690 2647 921 2717 Verba
995 2646 1181 2715 illius
1254 2657 1465 2716 sunt:
1539 2672 1569 2712 «
1597 2645 1656 2714 si
1714 2645 1774 2716 le
1835 2645 2073 2738 desunt
2117 2648 2278 2717 e'tait
2325 2649 2717 2743 depos-itaire

692 2770 1027 2866 «public»
1080 2783 1211 2839 etc.
1312 2769 1569 2839 Omnes
1629 2769 1908 2839 Judices
1959 2771 2422 2843 Cantonnales
2471 2797 2713 2844 conve·

688 2897 892 2964 niunt
939 2893 1027 2963 de
1064 2893 1501 2985 obsignandis
1549 2893 1792 2982 rebuS‚
1844 2894 2158 2988 deposito
2207 2896 2462 2968 habitis
2497 2923 2536 2967 a
2569 2923 2714 2967 ma-

690 3021 981 3111 gistratu
1064 3017 1434 3109 Ontvanyer
1505 3016 1740 3103 dicto3
1808 3017 1921 3087 hic
1983 3030 2216 3088 autem
2269 3022 2713 3114 magistratus

688 3144 967 3236 recipit·
1014 3164 1121 3211 res
1206 3153 1285 3210 ut
1371 3142 1863 3233 consignentur
1945 3144 2013 3211 in
2091 3167 2246 3212 arca
2323 3146 2512 3238 apud
2585 3171 2714 3216 nos

695 3264 1275 3369 Consiqnatie—kas
1358 3264 1565 3334 dicta.
1715 3264 1850 3334 Res
1934 3291 2115 3360 quae
2206 3270 2712 3362 consignandae

688 3405 895 3480 sunt,
956 3389 1165 3482 vulgo
1224 3389 1506 3482 quidem
1567 3412 1648 3458 eo
1699 3389 2197 3482 conferuntur,
2251 3417 2492 3464 verum
2541 3419 2712 3465 non-

685 3538 1072 3609 numquam
1146 3515 1353 3582 ctiam
1426 3515 1498 3581 in
1575 3513 1806 3582 archio
1869 3515 2304 3587 collocantur
2363 3519 2496 3588 sub
2558 3545 2716 3590 cus-

689 3640 871 3709 todia
947 3635 1337 3731 Graphiarii
1412 3636 1524 3706 eff.
1602 3649 1729 3706 art.
1792 3635 1984 3729 178,
2046 3638 2184 3709 551
2249 3642 2302 3711 C
2352 3643 2441 3712 de
2491 3645 2711 3713 moth.

682 3787 875 3858 proc.
926 3763 995 3830 in
1046 3761 1121 3830 C.
1170 3762 1293 3850 C.‚
1352 3757 1586 3850 Quare
1633 3785 1796 3831 vcro
1847 3763 2231 3856 obsignatio
2283 3766 2518 3836 locum
2567 3792 2714 3837 non

684 3887 939 3957 habeat
1013 3898 1167 3979 post
1240 3882 1630 3979 Graphiarii
1703 3898 1996 3957 mortem
2049 3889 2369 3981 equidem
2421 3915 2558 3961 non
2606 3894 2712 3960 in-

684 4012 968 4104 telligo3
1044 4034 1267 4103 quum
1340 4009 1652 4100 ejusdem
1713 4012 1978 4102 generis
2037 4012 2220 4082 bona
2246 4065 2267 4103 ,
2329 4015 2574 4086 codem
2629 4019 2714 4086 ti-
