<?xml version="1.0" encoding="UTF-8"?>
<!DOCTYPE html PUBLIC "-//W3C//DTD XHTML 1.0 Transitional//EN"
    "http://www.w3.org/TR/xhtml1/DTD/xhtml1-transitional.dtd">
<html xmlns="http://www.w3.org/1999/xhtml" xml:lang="en" lang="en">
 <head>
  <title>
</title>
<meta http-equiv="Content-Type" content="text/html;charset=utf-8" />
  <meta name='ocr-system' content='tesseract 3.04.00' />
  <meta name='ocr-capabilities' content='ocr_page ocr_carea ocr_par ocr_line ocrx_word'/>
</head>
<body>
  <div class='ocr_page' id='page_1' title='image "./dissertatiojuri00enscgoog_0073.png"; bbox 0 0 2934 5102; ppageno 0'>
   <div class='ocr_carea' id='block_1_1' title="bbox 1150 640 1245 713">
    <p class='ocr_par' dir='ltr' id='par_1_1' title="bbox 1150 640 1245 713">
     <span class='ocr_line' id='line_1_1' title="bbox 1150 640 1245 713; baseline 0 0"><span class='ocrx_word' id='word_1_1' title='bbox 1150 640 1245 713; x_wconf 78' lang='lat'><strong>59</strong></span> 
     </span>
    </p>
   </div>
   <div class='ocr_carea' id='block_1_2' title="bbox 178 848 2226 4162">
    <p class='ocr_par' dir='ltr' id='par_1_2' title="bbox 178 848 2212 1070">
     <span class='ocr_line' id='line_1_2' title="bbox 319 848 2212 945; baseline -0.001 -23"><span class='ocrx_word' id='word_1_2' title='bbox 319 851 510 922; x_wconf 90' lang='lat' dir='ltr'><strong>Num</strong></span> <span class='ocrx_word' id='word_1_3' title='bbox 586 864 865 922; x_wconf 87' lang='lat' dir='ltr'><strong>mortuo</strong></span> <span class='ocrx_word' id='word_1_4' title='bbox 938 848 1353 945; x_wconf 78' lang='lat' dir='ltr'><strong>Graphiario</strong></span> <span class='ocrx_word' id='word_1_5' title='bbox 1427 849 1609 919; x_wconf 85' lang='lat' dir='ltr'><strong>bona</strong></span> <span class='ocrx_word' id='word_1_6' title='bbox 1666 874 1848 943; x_wconf 82' lang='lat' dir='ltr'><strong>quae</strong></span> <span class='ocrx_word' id='word_1_7' title='bbox 1897 850 2212 945; x_wconf 87' lang='lat' dir='ltr'><strong>deposito</strong></span> 
     </span>
     <span class='ocr_line' id='line_1_3' title="bbox 178 973 1722 1070; baseline -0.003 -24"><span class='ocrx_word' id='word_1_8' title='bbox 178 978 472 1047; x_wconf 80' lang='lat' dir='ltr'><strong>servavit</strong></span> <span class='ocrx_word' id='word_1_9' title='bbox 501 1030 521 1066; x_wconf 85' lang='lat'>‚</span> <span class='ocrx_word' id='word_1_10' title='bbox 602 975 1025 1070; x_wconf 81' lang='lat' dir='ltr'><strong>obsignanda</strong></span> <span class='ocrx_word' id='word_1_11' title='bbox 1098 977 1237 1045; x_wconf 87' lang='lat' dir='ltr'><strong>sint</strong></span> <span class='ocrx_word' id='word_1_12' title='bbox 1264 1028 1284 1065; x_wconf 84' lang='lat'>,</span> <span class='ocrx_word' id='word_1_13' title='bbox 1360 998 1502 1045; x_wconf 87' lang='lat' dir='ltr'><strong>nec·</strong></span> <span class='ocrx_word' id='word_1_14' title='bbox 1567 998 1656 1044; x_wconf 90' lang='lat' dir='ltr'><strong>ne</strong></span> <span class='ocrx_word' id='word_1_15' title='bbox 1683 973 1722 1041; x_wconf 67' lang='grc' dir='ltr'><em>Ἰ</em></span> 
     </span>
    </p>

    <p class='ocr_par' dir='ltr' id='par_1_3' title="bbox 178 1093 2214 1809">
     <span class='ocr_line' id='line_1_4' title="bbox 321 1093 2214 1192; baseline -0.001 -23"><span class='ocrx_word' id='word_1_16' title='bbox 321 1102 430 1169; x_wconf 84' lang='lat' dir='ltr'><strong>Ex</strong></span> <span class='ocrx_word' id='word_1_17' title='bbox 529 1099 699 1192; x_wconf 82' lang='lat' dir='ltr'><strong>legis</strong></span> <span class='ocrx_word' id='word_1_18' title='bbox 782 1100 1004 1169; x_wconf 88' lang='lat' dir='ltr'><strong>verbis</strong></span> <span class='ocrx_word' id='word_1_19' title='bbox 1106 1099 1274 1168; x_wconf 91' lang='lat' dir='ltr'><strong>mihi</strong></span> <span class='ocrx_word' id='word_1_20' title='bbox 1329 1093 1628 1167; x_wconf 81' lang='lat' dir='ltr'><strong>¹videtur</strong></span> <span class='ocrx_word' id='word_1_21' title='bbox 1713 1099 1990 1169; x_wconf 90' lang='lat' dir='ltr'><strong>omnino</strong></span> <span class='ocrx_word' id='word_1_22' title='bbox 2068 1122 2214 1168; x_wconf 89' lang='lat' dir='ltr'><strong>esse</strong></span> 
     </span>
     <span class='ocr_line' id='line_1_5' title="bbox 178 1221 2208 1315; baseline 0 -23"><span class='ocrx_word' id='word_1_23' title='bbox 178 1224 627 1294; x_wconf 85' lang='lat' dir='ltr'><strong>efficiendum</strong></span> <span class='ocrx_word' id='word_1_24' title='bbox 655 1275 676 1312; x_wconf 86' lang='lat'>‚</span> <span class='ocrx_word' id='word_1_25' title='bbox 729 1223 1272 1315; x_wconf 83' lang='lat' dir='ltr'><strong>obsignationem</strong></span> <span class='ocrx_word' id='word_1_26' title='bbox 1324 1222 1819 1315; x_wconf 82' lang='lat' dir='ltr'><strong>perficiendam</strong></span> <span class='ocrx_word' id='word_1_27' title='bbox 1871 1246 2018 1292; x_wconf 88' lang='lat' dir='ltr'><strong>esse</strong></span> <span class='ocrx_word' id='word_1_28' title='bbox 2043 1274 2064 1311; x_wconf 86' lang='lat'>‚</span> <span class='ocrx_word' id='word_1_29' title='bbox 2117 1221 2208 1292; x_wconf 87' lang='lat' dir='ltr'><strong>cf.</strong></span> 
     </span>
     <span class='ocr_line' id='line_1_6' title="bbox 179 1344 2213 1439; baseline 0 -24"><span class='ocrx_word' id='word_1_30' title='bbox 179 1359 303 1415; x_wconf 83' lang='lat' dir='ltr'><strong>art.</strong></span> <span class='ocrx_word' id='word_1_31' title='bbox 384 1344 551 1415; x_wconf 87' lang='grc'><strong>660.</strong></span> <span class='ocrx_word' id='word_1_32' title='bbox 630 1347 703 1417; x_wconf 90' lang='lat' dir='ltr'><strong>C.</strong></span> <span class='ocrx_word' id='word_1_33' title='bbox 780 1348 869 1418; x_wconf 91' lang='lat' dir='ltr'><strong>de</strong></span> <span class='ocrx_word' id='word_1_34' title='bbox 941 1347 1157 1417; x_wconf 79' lang='lat' dir='ltr'><strong>meth.</strong></span> <span class='ocrx_word' id='word_1_35' title='bbox 1230 1370 1423 1439; x_wconf 87' lang='lat' dir='ltr'><strong>proc.</strong></span> <span class='ocrx_word' id='word_1_36' title='bbox 1493 1347 1564 1414; x_wconf 91' lang='lat' dir='ltr'><strong>in</strong></span> <span class='ocrx_word' id='word_1_37' title='bbox 1631 1346 1708 1416; x_wconf 84' lang='lat' dir='ltr'><strong>G.</strong></span> <span class='ocrx_word' id='word_1_38' title='bbox 1782 1347 1857 1416; x_wconf 90' lang='lat' dir='ltr'><strong>C.</strong></span> <span class='ocrx_word' id='word_1_39' title='bbox 1921 1348 2040 1439; x_wconf 90' lang='lat' dir='ltr'><strong>qui</strong></span> <span class='ocrx_word' id='word_1_40' title='bbox 2117 1347 2213 1417; x_wconf 87' lang='lat' dir='ltr'><strong>sic</strong></span> 
     </span>
     <span class='ocr_line' id='line_1_7' title="bbox 182 1469 2213 1564; baseline 0.001 -27"><span class='ocrx_word' id='word_1_41' title='bbox 182 1470 421 1539; x_wconf 83' lang='lat' dir='ltr'><strong>audit:</strong></span> <span class='ocrx_word' id='word_1_42' title='bbox 521 1471 623 1540; x_wconf 86' lang='lat' dir='ltr'><strong>De</strong></span> <span class='ocrx_word' id='word_1_43' title='bbox 698 1471 1129 1563; x_wconf 83' lang='lat' dir='ltr'><strong>verzegeling</strong></span> <span class='ocrx_word' id='word_1_44' title='bbox 1202 1469 1393 1539; x_wconf 84' lang='lat' dir='ltr'><strong>heeft</strong></span> <span class='ocrx_word' id='word_1_45' title='bbox 1455 1469 1890 1539; x_wconf 80' lang='lat' dir='ltr'><strong>ambtshalve</strong></span> <span class='ocrx_word' id='word_1_46' title='bbox 1939 1471 2164 1564; x_wconf 80' lang='lat' dir='ltr'><strong>plaats</strong></span> <span class='ocrx_word' id='word_1_47' title='bbox 2190 1522 2213 1559; x_wconf 81' lang='lat'>‚</span> 
     </span>
     <span class='ocr_line' id='line_1_8' title="bbox 182 1591 2214 1686; baseline 0 -25"><span class='ocrx_word' id='word_1_48' title='bbox 182 1593 411 1663; x_wconf 90' lang='lat' dir='ltr'><strong>indien</strong></span> <span class='ocrx_word' id='word_1_49' title='bbox 486 1594 574 1662; x_wconf 90' lang='lat' dir='ltr'><strong>de</strong></span> <span class='ocrx_word' id='word_1_50' title='bbox 648 1592 1056 1663; x_wconf 88' lang='lat' dir='ltr'><strong>overledene</strong></span> <span class='ocrx_word' id='word_1_51' title='bbox 1118 1594 1175 1662; x_wconf 87' lang='lat' dir='ltr'><strong>is</strong></span> <span class='ocrx_word' id='word_1_52' title='bbox 1228 1592 1578 1686; x_wconf 83' lang='lat' dir='ltr'><strong>openbare</strong></span> <span class='ocrx_word' id='word_1_53' title='bbox 1630 1591 2032 1662; x_wconf 82' lang='lat' dir='ltr'><strong>bewaarder</strong></span> <span class='ocrx_word' id='word_1_54' title='bbox 2080 1617 2214 1662; x_wconf 82' lang='lat' dir='ltr'><strong>van</strong></span> 
     </span>
     <span class='ocr_line' id='line_1_9' title="bbox 184 1717 1620 1809; baseline 0 -24"><span class='ocrx_word' id='word_1_55' title='bbox 184 1718 417 1809; x_wconf 83' lang='lat' dir='ltr'><strong>eenige</strong></span> <span class='ocrx_word' id='word_1_56' title='bbox 490 1717 709 1787; x_wconf 81' lang='lat' dir='ltr'><strong>zaken</strong></span> <span class='ocrx_word' id='word_1_57' title='bbox 783 1729 916 1787; x_wconf 81' lang='lat' dir='ltr'><strong>eto.</strong></span> <span class='ocrx_word' id='word_1_58' title='bbox 992 1728 1129 1787; x_wconf 82' lang='lat' dir='ltr'><strong>etc.</strong></span> <span class='ocrx_word' id='word_1_59' title='bbox 1617 1759 1620 1760; x_wconf 30' lang='lat' dir='ltr'><em>f</em></span> 
     </span>
    </p>

    <p class='ocr_par' dir='ltr' id='par_1_4' title="bbox 186 1838 2214 2182">
     <span class='ocr_line' id='line_1_10' title="bbox 322 1838 2214 1935; baseline 0.001 -26"><span class='ocrx_word' id='word_1_60' title='bbox 322 1840 587 1935; x_wconf 65' lang='lat' dir='ltr'><strong>Eadem</strong></span> <span class='ocrx_word' id='word_1_61' title='bbox 687 1840 796 1911; x_wconf 82' lang='lat' dir='ltr'><strong>lex</strong></span> <span class='ocrx_word' id='word_1_62' title='bbox 879 1843 1152 1934; x_wconf 79' lang='lat' dir='ltr'><strong>saepius</strong></span> <span class='ocrx_word' id='word_1_63' title='bbox 1223 1842 1450 1909; x_wconf 87' lang='lat' dir='ltr'><strong>innuit</strong></span> <span class='ocrx_word' id='word_1_64' title='bbox 1480 1869 1534 1930; x_wconf 58' lang='lat'><strong>‚³</strong></span> <span class='ocrx_word' id='word_1_65' title='bbox 1601 1838 2046 1934; x_wconf 80' lang='lat' dir='ltr'><strong>Graphiarios</strong></span> <span class='ocrx_word' id='word_1_66' title='bbox 2124 1841 2214 1911; x_wconf 82' lang='lat' dir='ltr'><strong>ad</strong></span> 
     </span>
     <span class='ocr_line' id='line_1_11' title="bbox 186 1961 2211 2059; baseline 0.001 -27"><span class='ocrx_word' id='word_1_67' title='bbox 186 1964 492 2033; x_wconf 84' lang='lat' dir='ltr'><strong>ordinem</strong></span> <span class='ocrx_word' id='word_1_68' title='bbox 566 1965 1141 2058; x_wconf 80' lang='lat' dir='ltr'><strong>depositariorum</strong></span> <span class='ocrx_word' id='word_1_69' title='bbox 1215 1967 1560 2059; x_wconf 85' lang='lat' dir='ltr'><strong>pertinere</strong></span> <span class='ocrx_word' id='word_1_70' title='bbox 1635 1964 1724 2035; x_wconf 86' lang='lat' dir='ltr'><strong>cf.</strong></span> <span class='ocrx_word' id='word_1_71' title='bbox 1803 1972 1932 2033; x_wconf 80' lang='lat' dir='ltr'><strong>art.</strong></span> <span class='ocrx_word' id='word_1_72' title='bbox 1984 1961 2080 2034; x_wconf 80' lang='lat'><strong>28</strong></span> <span class='ocrx_word' id='word_1_73' title='bbox 2133 1965 2211 2035; x_wconf 86' lang='lat' dir='ltr'><strong>C.</strong></span> 
     </span>
     <span class='ocr_line' id='line_1_12' title="bbox 187 2084 1797 2182; baseline 0.002 -26"><span class='ocrx_word' id='word_1_74' title='bbox 187 2086 257 2156; x_wconf 84' lang='lat' dir='ltr'><strong>C.</strong></span> <span class='ocrx_word' id='word_1_75' title='bbox 332 2084 478 2156; x_wconf 82' lang='lat'><strong>858</strong></span> <span class='ocrx_word' id='word_1_76' title='bbox 550 2088 625 2157; x_wconf 91' lang='lat' dir='ltr'><strong>C.</strong></span> <span class='ocrx_word' id='word_1_77' title='bbox 703 2088 790 2157; x_wconf 88' lang='lat' dir='ltr'><strong>de</strong></span> <span class='ocrx_word' id='word_1_78' title='bbox 864 2088 1079 2161; x_wconf 82' lang='lat' dir='ltr'><strong>meth.</strong></span> <span class='ocrx_word' id='word_1_79' title='bbox 1156 2112 1346 2182; x_wconf 90' lang='lat' dir='ltr'><strong>proc.</strong></span> <span class='ocrx_word' id='word_1_80' title='bbox 1425 2090 1497 2156; x_wconf 94' lang='lat' dir='ltr'><strong>in</strong></span> <span class='ocrx_word' id='word_1_81' title='bbox 1571 2089 1647 2159; x_wconf 90' lang='lat' dir='ltr'><strong>C.</strong></span> <span class='ocrx_word' id='word_1_82' title='bbox 1722 2088 1797 2159; x_wconf 88' lang='lat' dir='ltr'><strong>C.</strong></span> 
     </span>
    </p>

    <p class='ocr_par' dir='ltr' id='par_1_5' title="bbox 189 2209 2214 3174">
     <span class='ocr_line' id='line_1_13' title="bbox 328 2209 2210 2308; baseline 0.002 -29"><span class='ocrx_word' id='word_1_83' title='bbox 328 2209 639 2303; x_wconf 83' lang='lat' dir='ltr'><strong>Qualitas</strong></span> <span class='ocrx_word' id='word_1_84' title='bbox 734 2212 1002 2306; x_wconf 88' lang='lat' dir='ltr'><strong>publici</strong></span> <span class='ocrx_word' id='word_1_85' title='bbox 1099 2212 1492 2306; x_wconf 81' lang='lat' dir='ltr'><strong>depositarii</strong></span> <span class='ocrx_word' id='word_1_86' title='bbox 1594 2216 1763 2307; x_wconf 84' lang='lat' dir='ltr'><strong>(van</strong></span> <span class='ocrx_word' id='word_1_87' title='bbox 1858 2213 2210 2308; x_wconf 82' lang='lat' dir='ltr'><strong>openbaar</strong></span> 
     </span>
     <span class='ocr_line' id='line_1_14' title="bbox 192 2334 2213 2432; baseline 0.001 -27"><span class='ocrx_word' id='word_1_88' title='bbox 192 2335 613 2432; x_wconf 81' lang='lat' dir='ltr'><strong>bewaarder)</strong></span> <span class='ocrx_word' id='word_1_89' title='bbox 722 2337 778 2406; x_wconf 90' lang='lat' dir='ltr'><strong>si</strong></span> <span class='ocrx_word' id='word_1_90' title='bbox 886 2339 1001 2407; x_wconf 89' lang='lat' dir='ltr'><strong>eui</strong></span> <span class='ocrx_word' id='word_1_91' title='bbox 1028 2390 1048 2427; x_wconf 85' lang='lat'><strong><em>,</em></strong></span> <span class='ocrx_word' id='word_1_92' title='bbox 1149 2334 1561 2431; x_wconf 82' lang='lat' dir='ltr'><strong>Graphiario</strong></span> <span class='ocrx_word' id='word_1_93' title='bbox 1653 2349 1839 2407; x_wconf 86' lang='lat' dir='ltr'><strong>certe</strong></span> <span class='ocrx_word' id='word_1_94' title='bbox 1940 2361 2213 2430; x_wconf 87' lang='lat' dir='ltr'><strong>compe·</strong></span> 
     </span>
     <span class='ocr_line' id='line_1_15' title="bbox 194 2446 2213 2556; baseline 0.002 -30"><span class='ocrx_word' id='word_1_95' title='bbox 194 2460 276 2526; x_wconf 82' lang='lat' dir='ltr'><strong>tit</strong></span> <span class='ocrx_word' id='word_1_96' title='bbox 302 2511 322 2548; x_wconf 89' lang='lat'>‚</span> <span class='ocrx_word' id='word_1_97' title='bbox 394 2462 493 2529; x_wconf 89' lang='lat' dir='ltr'><strong>uti</strong></span> <span class='ocrx_word' id='word_1_98' title='bbox 569 2460 865 2530; x_wconf 87' lang='lat' dir='ltr'><strong>vidimus</strong></span> <span class='ocrx_word' id='word_1_99' title='bbox 941 2462 1011 2529; x_wconf 91' lang='lat' dir='ltr'><strong>in</strong></span> <span class='ocrx_word' id='word_1_100' title='bbox 1081 2446 1185 2530; x_wconf 37' lang='lat' dir='ltr'><strong>ea&#39;</strong></span> <span class='ocrx_word' id='word_1_101' title='bbox 1225 2461 1716 2531; x_wconf 79' lang='lat' dir='ltr'><strong>dissertationis</strong></span> <span class='ocrx_word' id='word_1_102' title='bbox 1775 2473 1974 2556; x_wconf 71' lang='lat' dir='ltr'><strong>parte</strong></span> <span class='ocrx_word' id='word_1_103' title='bbox 2032 2484 2213 2554; x_wconf 85' lang='lat' dir='ltr'><strong>quae</strong></span> 
     </span>
     <span class='ocr_line' id='line_1_16' title="bbox 190 2582 2212 2679; baseline 0.001 -28"><span class='ocrx_word' id='word_1_104' title='bbox 190 2582 277 2652; x_wconf 91' lang='lat' dir='ltr'><strong>de</strong></span> <span class='ocrx_word' id='word_1_105' title='bbox 353 2584 777 2678; x_wconf 74' lang='lat' dir='ltr'><strong>depositariis</strong></span> <span class='ocrx_word' id='word_1_106' title='bbox 870 2584 1171 2679; x_wconf 84' lang='lat' dir='ltr'><strong>publicis</strong></span> <span class='ocrx_word' id='word_1_107' title='bbox 1257 2587 1331 2654; x_wconf 90' lang='lat' dir='ltr'><strong>in</strong></span> <span class='ocrx_word' id='word_1_108' title='bbox 1406 2608 1656 2676; x_wconf 84' lang='lat' dir='ltr'><strong>genere</strong></span> <span class='ocrx_word' id='word_1_109' title='bbox 1732 2586 1918 2676; x_wconf 79' lang='lat' dir='ltr'><strong>agit,</strong></span> <span class='ocrx_word' id='word_1_110' title='bbox 1993 2607 2212 2677; x_wconf 84' lang='lat' dir='ltr'><strong>quare</strong></span> 
     </span>
     <span class='ocr_line' id='line_1_17' title="bbox 190 2704 2212 2802; baseline 0 -26"><span class='ocrx_word' id='word_1_111' title='bbox 190 2707 299 2777; x_wconf 88' lang='lat' dir='ltr'><strong>hie</strong></span> <span class='ocrx_word' id='word_1_112' title='bbox 394 2721 523 2779; x_wconf 78' lang='lat' dir='ltr'><strong>art.</strong></span> <span class='ocrx_word' id='word_1_113' title='bbox 626 2710 901 2779; x_wconf 89' lang='lat' dir='ltr'><strong>omnino</strong></span> <span class='ocrx_word' id='word_1_114' title='bbox 998 2704 1445 2802; x_wconf 80' lang='lat' dir='ltr'><strong>Graphiarios</strong></span> <span class='ocrx_word' id='word_1_115' title='bbox 1527 2719 1840 2800; x_wconf 81' lang='lat' dir='ltr'><strong>spectare</strong></span> <span class='ocrx_word' id='word_1_116' title='bbox 1915 2707 2212 2777; x_wconf 85' lang='lat' dir='ltr'><strong>videtur.</strong></span> 
     </span>
     <span class='ocr_line' id='line_1_18' title="bbox 190 2830 2214 2925; baseline 0 -25"><span class='ocrx_word' id='word_1_117' title='bbox 190 2830 401 2902; x_wconf 87' lang='lat' dir='ltr'><strong>Ceteri</strong></span> <span class='ocrx_word' id='word_1_118' title='bbox 476 2855 714 2902; x_wconf 89' lang='lat' dir='ltr'><strong>omnes</strong></span> <span class='ocrx_word' id='word_1_119' title='bbox 742 2884 762 2921; x_wconf 88' lang='lat'>‚</span> <span class='ocrx_word' id='word_1_120' title='bbox 839 2833 961 2925; x_wconf 89' lang='lat' dir='ltr'><strong>qui</strong></span> <span class='ocrx_word' id='word_1_121' title='bbox 1014 2832 1102 2900; x_wconf 83' lang='lat' dir='ltr'><strong>ad</strong></span> <span class='ocrx_word' id='word_1_122' title='bbox 1151 2831 1341 2901; x_wconf 91' lang='lat' dir='ltr'><strong>hunc</strong></span> <span class='ocrx_word' id='word_1_123' title='bbox 1394 2831 1771 2901; x_wconf 82' lang='lat' dir='ltr'><strong>articulum</strong></span> <span class='ocrx_word' id='word_1_124' title='bbox 1819 2843 1984 2901; x_wconf 90' lang='lat' dir='ltr'><strong>sunt</strong></span> <span class='ocrx_word' id='word_1_125' title='bbox 2033 2830 2214 2902; x_wconf 87' lang='lat' dir='ltr'><strong>refe-</strong></span> 
     </span>
     <span class='ocr_line' id='line_1_19' title="bbox 189 2955 2212 3050; baseline 0.001 -28"><span class='ocrx_word' id='word_1_126' title='bbox 189 2955 419 3046; x_wconf 79' lang='lat' dir='ltr'><strong>rendi,</strong></span> <span class='ocrx_word' id='word_1_127' title='bbox 494 2968 659 3025; x_wconf 89' lang='lat' dir='ltr'><strong>sunt</strong></span> <span class='ocrx_word' id='word_1_128' title='bbox 732 2955 1125 3050; x_wconf 82' lang='lat' dir='ltr'><strong>depositarii</strong></span> <span class='ocrx_word' id='word_1_129' title='bbox 1151 3008 1173 3045; x_wconf 84' lang='lat'><strong>,</strong></span> <span class='ocrx_word' id='word_1_130' title='bbox 1249 2979 1425 3050; x_wconf 89' lang='lat' dir='ltr'><strong>quos</strong></span> <span class='ocrx_word' id='word_1_131' title='bbox 1501 2958 1772 3050; x_wconf 83' lang='lat' dir='ltr'><strong>saepius</strong></span> <span class='ocrx_word' id='word_1_132' title='bbox 1819 2957 2212 3048; x_wconf 82' lang='lat' dir='ltr'><strong>nominavi,</strong></span> 
     </span>
     <span class='ocr_line' id='line_1_20' title="bbox 190 3079 2016 3174; baseline 0.001 -28"><span class='ocrx_word' id='word_1_133' title='bbox 190 3079 232 3147; x_wconf 90' lang='lat' dir='ltr'><strong>ii</strong></span> <span class='ocrx_word' id='word_1_134' title='bbox 300 3103 549 3173; x_wconf 88' lang='lat' dir='ltr'><strong>nempe</strong></span> <span class='ocrx_word' id='word_1_135' title='bbox 624 3081 744 3173; x_wconf 89' lang='lat' dir='ltr'><strong>qui</strong></span> <span class='ocrx_word' id='word_1_136' title='bbox 819 3079 1106 3174; x_wconf 84' lang='lat' dir='ltr'><strong>publice</strong></span> <span class='ocrx_word' id='word_1_137' title='bbox 1178 3103 1287 3149; x_wconf 88' lang='lat' dir='ltr'><strong>res</strong></span> <span class='ocrx_word' id='word_1_138' title='bbox 1352 3079 1674 3150; x_wconf 82' lang='lat' dir='ltr'><strong>‘custodia</strong></span> <span class='ocrx_word' id='word_1_139' title='bbox 1755 3091 2016 3149; x_wconf 86' lang='lat' dir='ltr'><strong>tenent.</strong></span> 
     </span>
    </p>

    <p class='ocr_par' dir='ltr' id='par_1_6' title="bbox 190 3203 2214 3646">
     <span class='ocr_line' id='line_1_21' title="bbox 324 3203 2212 3296; baseline -0.001 -23"><span class='ocrx_word' id='word_1_140' title='bbox 324 3204 577 3273; x_wconf 92' lang='lat' dir='ltr'><strong>Nullus</strong></span> <span class='ocrx_word' id='word_1_141' title='bbox 670 3203 838 3295; x_wconf 73' lang='lat' dir='ltr'><strong>legis</strong></span> <span class='ocrx_word' id='word_1_142' title='bbox 931 3205 1266 3295; x_wconf 86' lang='lat' dir='ltr'><strong>interpres</strong></span> <span class='ocrx_word' id='word_1_143' title='bbox 1362 3226 1610 3296; x_wconf 79' lang='lat' dir='ltr'><strong>operae</strong></span> <span class='ocrx_word' id='word_1_144' title='bbox 1691 3205 1992 3296; x_wconf 81' lang='lat' dir='ltr'><strong>pretium</strong></span> <span class='ocrx_word' id='word_1_145' title='bbox 2087 3203 2212 3272; x_wconf 77' lang='lat' dir='ltr'><strong>du—</strong></span> 
     </span>
     <span class='ocr_line' id='line_1_22' title="bbox 190 3325 2214 3420; baseline -0 -26"><span class='ocrx_word' id='word_1_146' title='bbox 190 3327 326 3416; x_wconf 81' lang='lat' dir='ltr'><strong>xit,</strong></span> <span class='ocrx_word' id='word_1_147' title='bbox 436 3350 820 3396; x_wconf 84' lang='lat' dir='ltr'><strong>memorare</strong></span> <span class='ocrx_word' id='word_1_148' title='bbox 843 3378 863 3415; x_wconf 87' lang='lat'>‚</span> <span class='ocrx_word' id='word_1_149' title='bbox 969 3347 1303 3420; x_wconf 78' lang='lat' dir='ltr'><strong>quasnam</strong></span> <span class='ocrx_word' id='word_1_150' title='bbox 1409 3349 1739 3420; x_wconf 84' lang='lat' dir='ltr'><strong>personas</strong></span> <span class='ocrx_word' id='word_1_151' title='bbox 1859 3325 2214 3418; x_wconf 80' lang='lat' dir='ltr'><strong>legislator</strong></span> 
     </span>
     <span class='ocr_line' id='line_1_23' title="bbox 191 3448 2210 3543; baseline 0 -25"><span class='ocrx_word' id='word_1_152' title='bbox 191 3451 661 3542; x_wconf 82' lang='lat' dir='ltr'><strong>significaverit</strong></span> <span class='ocrx_word' id='word_1_153' title='bbox 755 3449 889 3520; x_wconf 85' lang='lat' dir='ltr'><strong>hoo</strong></span> <span class='ocrx_word' id='word_1_154' title='bbox 986 3450 1281 3520; x_wconf 80' lang='lat' dir='ltr'><strong>articulo</strong></span> <span class='ocrx_word' id='word_1_155' title='bbox 1308 3503 1329 3540; x_wconf 85' lang='lat'>‚</span> <span class='ocrx_word' id='word_1_156' title='bbox 1413 3450 1642 3520; x_wconf 86' lang='lat' dir='ltr'><strong>verbis</strong></span> <span class='ocrx_word' id='word_1_157' title='bbox 1716 3448 2034 3543; x_wconf 79' lang='lat' dir='ltr'><strong>openbare</strong></span> <span class='ocrx_word' id='word_1_158' title='bbox 2109 3448 2210 3518; x_wconf 83' lang='lat' dir='ltr'><strong>be-</strong></span> 
     </span>
     <span class='ocr_line' id='line_1_24' title="bbox 192 3575 530 3646; baseline 0 -3"><span class='ocrx_word' id='word_1_159' title='bbox 192 3575 530 3646; x_wconf 68' lang='lat' dir='ltr'><strong>wear-ders,</strong></span> 
     </span>
    </p>

    <p class='ocr_par' dir='ltr' id='par_1_7' title="bbox 190 3698 2226 4162">
     <span class='ocr_line' id='line_1_25' title="bbox 328 3698 2211 3786; baseline -0.003 -16"><span class='ocrx_word' id='word_1_160' title='bbox 328 3699 465 3770; x_wconf 88' lang='lat' dir='ltr'><strong>Lex</strong></span> <span class='ocrx_word' id='word_1_161' title='bbox 544 3699 843 3768; x_wconf 85' lang='lat' dir='ltr'><strong>maxime</strong></span> <span class='ocrx_word' id='word_1_162' title='bbox 918 3698 1215 3770; x_wconf 80' lang='lat' dir='ltr'><strong>obseura</strong></span> <span class='ocrx_word' id='word_1_163' title='bbox 1275 3710 1425 3786; x_wconf 86' lang='lat' dir='ltr'><strong>est,</strong></span> <span class='ocrx_word' id='word_1_164' title='bbox 1493 3699 1613 3768; x_wconf 87' lang='lat' dir='ltr'><strong>ubi</strong></span> <span class='ocrx_word' id='word_1_165' title='bbox 1675 3719 2211 3767; x_wconf 77' lang='lat' dir='ltr'><strong>commemoran-</strong></span> 
     </span>
     <span class='ocr_line' id='line_1_26' title="bbox 193 3819 2211 3916; baseline 0 -27"><span class='ocrx_word' id='word_1_166' title='bbox 193 3833 302 3891; x_wconf 89' lang='lat' dir='ltr'><strong>tur</strong></span> <span class='ocrx_word' id='word_1_167' title='bbox 374 3849 405 3891; x_wconf 91' lang='lat'>«</span> <span class='ocrx_word' id='word_1_168' title='bbox 436 3823 901 3893; x_wconf 70' lang='lat' dir='ltr'><strong>bewaarders.»</strong></span> <span class='ocrx_word' id='word_1_169' title='bbox 963 3847 1023 3892; x_wconf 89' lang='lat' dir='ltr'><strong>e.</strong></span> <span class='ocrx_word' id='word_1_170' title='bbox 1086 3848 1150 3916; x_wconf 82' lang='lat' dir='ltr'><strong>g.</strong></span> <span class='ocrx_word' id='word_1_171' title='bbox 1212 3824 1284 3892; x_wconf 92' lang='lat' dir='ltr'><strong>in</strong></span> <span class='ocrx_word' id='word_1_172' title='bbox 1345 3824 1482 3892; x_wconf 79' lang='lat' dir='ltr'><strong>art⁰</strong></span> <span class='ocrx_word' id='word_1_173' title='bbox 1533 3819 1678 3890; x_wconf 81' lang='lat'><strong>855</strong></span> <span class='ocrx_word' id='word_1_174' title='bbox 1731 3821 1805 3890; x_wconf 91' lang='lat' dir='ltr'><strong>C.</strong></span> <span class='ocrx_word' id='word_1_175' title='bbox 1859 3820 1946 3890; x_wconf 90' lang='lat' dir='ltr'><strong>de</strong></span> <span class='ocrx_word' id='word_1_176' title='bbox 1995 3821 2211 3892; x_wconf 85' lang='lat' dir='ltr'><strong>meth.</strong></span> 
     </span>
     <span class='ocr_line' id='line_1_27' title="bbox 190 3944 2226 4038; baseline 0 -25"><span class='ocrx_word' id='word_1_177' title='bbox 190 3968 288 4036; x_wconf 88' lang='lat' dir='ltr'><strong>pr.</strong></span> <span class='ocrx_word' id='word_1_178' title='bbox 369 3949 439 4016; x_wconf 91' lang='lat' dir='ltr'><strong>in</strong></span> <span class='ocrx_word' id='word_1_179' title='bbox 525 3946 599 4016; x_wconf 84' lang='lat' dir='ltr'><strong>C.</strong></span> <span class='ocrx_word' id='word_1_180' title='bbox 686 3946 767 4016; x_wconf 85' lang='lat' dir='ltr'><strong>C.</strong></span> <span class='ocrx_word' id='word_1_181' title='bbox 847 3946 1104 4038; x_wconf 78' lang='lat' dir='ltr'><strong>legitur</strong></span> <span class='ocrx_word' id='word_1_182' title='bbox 1178 3973 1210 4015; x_wconf 90' lang='lat'>«</span> <span class='ocrx_word' id='word_1_183' title='bbox 1238 3947 1508 4018; x_wconf 80' lang='lat' dir='ltr'><strong>Notaris</strong></span> <span class='ocrx_word' id='word_1_184' title='bbox 1582 3967 1668 4014; x_wconf 90' lang='lat' dir='ltr'><strong>en</strong></span> <span class='ocrx_word' id='word_1_185' title='bbox 1745 3944 2149 4016; x_wconf 81' lang='lat' dir='ltr'><strong>bewaarder</strong></span> <span class='ocrx_word' id='word_1_186' title='bbox 2177 3973 2226 4014; x_wconf 69' lang='lat'><strong>»—</strong></span> 
     </span>
     <span class='ocr_line' id='line_1_28' title="bbox 191 4069 2210 4162; baseline -0 -22"><span class='ocrx_word' id='word_1_187' title='bbox 191 4073 377 4162; x_wconf 84' lang='lat' dir='ltr'><strong>quasi</strong></span> <span class='ocrx_word' id='word_1_188' title='bbox 451 4070 761 4142; x_wconf 83' lang='lat' dir='ltr'><strong>Tabellio</strong></span> <span class='ocrx_word' id='word_1_189' title='bbox 832 4093 974 4141; x_wconf 91' lang='lat' dir='ltr'><strong>non</strong></span> <span class='ocrx_word' id='word_1_190' title='bbox 1048 4083 1225 4142; x_wconf 90' lang='lat' dir='ltr'><strong>esset</strong></span> <span class='ocrx_word' id='word_1_191' title='bbox 1284 4069 1746 4146; x_wconf 73' lang='lat' dir='ltr'><strong>nominandus</strong></span> <span class='ocrx_word' id='word_1_192' title='bbox 1798 4070 2167 4140; x_wconf 84' lang='lat' dir='ltr'><strong>bewaarder</strong></span> <span class='ocrx_word' id='word_1_193' title='bbox 2189 4121 2210 4158; x_wconf 85' lang='lat'>,</span> 
     </span>
    </p>
   </div>
  </div>
 </body>
</html>
