2934 5102
1301 1054 1795 1125 CAPUT
1891 1055 2015 1124 IV.

846 1262 936 1303 DE
998 1258 1486 1304 MAois'rnAru
1547 1260 1671 1319 Qui
1734 1258 1949 1304 Acus
2007 1260 2098 1303 ΕΤ
2157 1258 2484 1303 ‘mimus

1134 1383 1411 1428 srA‘rus
1485 1383 1768 1429 CIVILIS
1844 1351 2243 1429 PRAEESTJ

1356 1678 1842 1739 SECTIO
1923 1680 1975 1737 Ι.

738 1863 822 1901 ΒΕ
862 1859 1265 1901 MAGISTRATU
1308 1859 1418 1901 QUI
1460 1858 1638 1898 ACTIS
1679 1860 1758 1897 ΕΤ
1798 1860 2061 1900 TABULIS
2103 1861 2330 1901 STATUS
2371 1862 2613 1903 CIVILIS

812 1948 1091 2007 PRAfiBST
1128 1964 1445 2005 UNIVBRSE
1461 1992 1479 2017 ,
1520 1966 1600 2003 ET
1639 1966 1724 2004 DE
1765 1966 1965 2005 REBUS
2008 1967 2168 2009 QUAS
2209 1968 2534 2008 CUSTODIT.

809 2111 1040 2180 Etiam
1110 2110 1542 2202 magistratui
1614 2111 1739 2205 qui
1813 2111 1982 2181 actis
2033 2123 2102 2182 et
2154 2110 2414 2183 tabulis
2463 2123 2700 2184 status

664 2237 880 2308 civilis
958 2237 1232 2329 praeest
1258 2287 1277 2324 ‚
1363 2237 1684 2304 convenit
1763 2258 2016 2305 nomen
2084 2235 2480 2331 depositarii
2552 2262 2707 2332 pu-

666 2362 833 2433 blici
862 2414 881 2451 ‚
933 2362 1137 2452 eujus
1187 2371 1259 2428 et
1316 2382 1572 2429 nomen
1631 2371 1701 2431 et
1762 2358 2214 2453 obligationes
2252 2366 2416 2455 jure
2461 2364 2526 2459 ei
2573 2365 2706 2432 tri·

666 2488 987 2558 buuntur
1059 2482 1150 2554 ef.
1226 2495 1355 2553 art.
1423 2480 1522 2551 27
1595 2484 1692 2562 C„
1743 2484 1817 2555 C.
1869 2482 1986 2583 (1)

815 2612 955 2682 Res
1028 2633 1203 2703 quas
1277 2607 1582 2680 custodit
1637 2611 1916 2679 maximi
1963 2623 2127 2680 sunt
2174 2614 2551 2684 momenti:
2609 2613 2704 2682 ad

670 2759 885 2808 unam
959 2746 1195 2805 autem
1266 2735 1566 2826 speeiem
1634 2734 2038 2805 referendae
2084 2748 2250 2806 sunt
2273 2789 2294 2828 ‚
2347 2751 2712 2831 quatenus

674 2884 911 2933 omnes
1018 2870 1184 2928 sunt
1286 2859 1358 2927 in
1456 2835 1786 2928 dominio'
1857 2860 2170 2930 civitatis.
2328 2863 2711 2956 Nusquam

676 2987 860 3055 enim
933 2983 1145 3075 hujus
1217 2983 1660 3074 magistratus
1715 2984 2070 3055 custodiae
2116 2986 2536 3057 mandantur
2586 3013 2714 3060 res

677 3110 972 3180 hominis
1070 3106 1437 3199 eujusdam
1531 3108 1824 3208 privati,
1908 3133 2083 3202 quas
2169 3112 2270 3180 uti
2354 3111 2665 3182 vidimus
2692 3164 2716 3203 ,

678 3231 1131 3328 Graphiarius
1195 3232 1260 3299 vi
1332 3232 1633 3300 muneris
1704 3232 1810 3299 sui
1886 3233 2232 3319 custodire
2303 3234 2536 3305 debet.

826 3357 1202 3428 Videamus
1286 3380 1476 3425 nunc
1559 3355 1802 3448 quales
1885 3381 1992 3428 res
2076 3370 2147 3428 et
2231 3360 2514 3430 ubinam
2591 3361 2717 3452 hic

682 3487 1123 3578 magistratus
1198 3481 1512 3574 deposito
1598 3491 1851 3550 teneat.
1994 3481 2226 3552 Primo
2289 3484 2466 3566 ‚loeo
2535 3486 2720 3554 mihi

682 3621 847 3697 sunt
905 3603 1349 3698 memoranda
1410 3603 1694 3696 reyistra
1750 3612 1962 3674 status
2013 3605 2249 3677 civilis.
2353 3607 2548 3678 Haec
2610 3633 2720 3680 re-

686 3735 895 3826 gistra
930 3731 1335 3833 ‘continent'
1375 3729 1750 3822 praecipua
1808 3728 2232 3802 documenta
2271 3735 2542 3825 jurium
2575 3735 2726 3804 ho-

808 3955 898 4033 (1)
942 3952 1030 4010 cf.
1080 3950 1429 4010 Dissertatio
1455 3949 1710 4028 juridica
1742 3949 2098 4027 inauguralis
2133 3927 2632 4030 praestantissimi
2669 3976 2734 4016 v.

688 4072 747 4110 n.
782 4067 1037 4107 HOEVEN
1072 4047 1146 4104 de
1177 4044 1476 4122 registriS,
1509 4045 1696 4122 Lugd.
1729 4045 1857 4104 Bat.
1898 4047 2046 4104 1839
2082 4045 2156 4102 ad
2192 4065 2323 4122 pag.
2364 4049 2453 4104 12.
