2934 5102
1680 587 1781 660 20

716 803 928 895 hujus
975 803 1276 872 criminis
1341 804 1471 873 erit
1528 823 1703 894 opus
1764 799 2256 892 temporarium
2285 851 2305 889 ,
2368 800 2533 870 huic
2587 823 2735 894 poc-

716 951 846 997 nae
915 926 1071 1021 lege
1142 924 1233 997 11
1309 953 1402 996 m.
1474 926 1643 997 Dec.
1713 949 1870 996 ann.
1941 920 2136 994 1815
2207 923 2585 994 substituta
2643 937 2735 995 est

718 1075 940 1146 poena
1019 1051 1396 1145 ergastuli,
1470 1053 1849 1120 maximum
1920 1051 1990 1118 in
2060 1046 2156 1118 15
2226 1073 2441 1120 annos
2508 1072 2736 1143 perpe-

720 1190 878 1247 tuos
904 1229 924 1266 ,
999 1175 1233 1246 addita
1318 1199 1541 1269 poena
1596 1186 1739 1244 aut
1810 1173 2301 1244 verberationis
2326 1227 2346 1264 ‚
2434 1185 2557 1243 aut
2638 1199 2737 1246 ex·
2832 1189 2834 1214 ¹

721 1303 1075 1394 positionis
1164 1303 1236 1370 in
1331 1312 1591 1371 catasta
1615 1351 1635 1388 ,
1744 1310 1867 1368 aut
1960 1296 2301 1367 infamiae.
2448 1299 2736 1370 Poenam

720 1426 902 1496 hanc
976 1428 1170 1518 justo
1250 1427 1631 1520 graviorem
1724 1447 1870 1494 esse
1896 1477 1916 1514 ‚
2000 1445 2204 1492 nemo
2286 1422 2737 1512 existimabit,

722 1553 844 1645 qui
912 1551 1204 1621 hominis
1295 1551 1390 1620 ita
1465 1550 1728 1643 agentis
1796 1550 2313 1642 perversitatem
2390 1560 2739 1642 reputave-

722 1678 832 1746 rit.
955 1674 1224 1746 Civium
1305 1678 1489 1747 enim
1570 1674 1759 1765 fide,
1840 1697 1923 1744 ex
2014 1674 2164 1766 ipso
2229 1697 2532 1754 munere
2608 1697 2737 1768 quo

723 1797 1040 1890 fungitur
1128 1796 1440 1866 munitus
1464 1846 1487 1883 ,
1582 1793 1715 1866 hac
1818 1793 2115 1886 turpiter
2214 1791 2575 1882 abutitur,
2670 1805 2741 1862 ut

721 1945 962 1992 eorum
1033 1920 1394 1991 commoda
1423 1972 1444 2009 ‚
1519 1918 1909 2012 gravissima
1977 1917 2328 1987 interdum
2354 1968 2375 2007 ‚
2449 1917 2697 1988 laedat.

868 2046 1148 2117 Praeter
1217 2047 1561 2116 actionem
1617 2042 1981 2137 poenalem
2005 2095 2025 2132 ,
2095 2043 2151 2111 is
2173 2095 2194 2131 ‚
2268 2043 2391 2136 qui
2457 2045 2742 2136 turpiter

723 2195 798 2241 re
891 2170 1201 2264 deposita
1297 2182 1400 2241 est
1489 2169 1823 2263 spoliatus
1848 2221 1870 2258 ‚
1961 2168 2319 2238 instituere
2414 2170 2741 2238 actionem

725 2295 1036 2378 civilcm'
1082 2306 1334 2390 potest.
1455 2295 1593 2364 Sed
1684 2293 2172 2364 difficillimum
2270 2293 2400 2364 erit
2484 2293 2740 2386 judici,

725 2422 1144 2491 constituere
1217 2442 1560 2490 summam
1621 2419 1957 2512 pecuniae
2028 2441 2065 2486 a
2138 2417 2551 2512 depositario
2628 2419 2743 2488 sol·

725 2545 1064 2636 vendam,
1163 2557 1244 2615 ut
1337 2568 1543 2615 omne
1625 2542 1958 2613 damnum
2056 2541 2350 2613 allatum
2448 2568 2533 2615 ex
2633 2568 2745 2614 suo

726 2672 982 2742 delicto
1051 2671 1396 2747 resarciat.
1465 2668 1555 2739 cf.
1630 2679 1757 2738 art.
1831 2664 2020 2736 1401
2096 2668 2169 2739 C.
2241 2668 2317 2738 C.

872 2796 967 2867 Ut
1035 2794 1411 2865 difficultas
1482 2794 1653 2864 haec
1724 2793 1932 2888 plane
1989 2805 2269 2886 pateat,
2342 2818 2604 2887 ponam
2652 2818 2748 2864 ex-

729 2920 1043 3015 emplum
1115 2918 1294 2989 hoc:
1366 2918 1679 2989 Tabellio
1765 2920 2059 3013 peremit
2152 2920 2379 2989 omnia
2460 2933 2623 2997 acta
2692 2930 2751 2989 et

730 3048 1040 3139 registra,
1099 3066 1280 3138 quae
1326 3043 1677 3114 custodire
1724 3067 1973 3136 magna
2031 3043 2383 3135 diligentia
2430 3044 2749 3116 debebat.

731 3172 904 3243 Prae
983 3194 1055 3240 se
1139 3169 1304 3239 tulit
1382 3192 1466 3238 ex
1552 3170 1918 3262 improviso
2002 3193 2079 3238 ea
2154 3192 2299 3239 esse
2372 3168 2748 3257 conbusta,

732 3296 854 3367 sed
921 3320 1048 3389 per
1109 3294 1517 3387 judicialem
1588 3294 2097 3387 inquisitlonem
2164 3294 2461 3364 efficitur
2485 3347 2507 3383 ,
2612 3296 2753 3366 scri·

731 3423 926 3492 nium
995 3422 1109 3491 cui
1171 3430 1332 3490 acta
1397 3430 1532 3489 cet.
1574 3420 1933 3507 inessent,
2006 3417 2302 3488 flammis
2368 3419 2588 3490 fuisse
2638 3434 2753 3490 tra·

733 3551 960 3616 ditum
1031 3545 1124 3615 ab
1202 3545 1483 3615 homine
1556 3546 1761 3636 cujus
1832 3546 2189 3614 interesset
2265 3556 2754 3615 testamentum

735 3683 964 3741 certae
1023 3669 1390 3761 cujusdam
1448 3690 1807 3762 personac‘
1840 3669 2084 3761 perire.
2154 3667 2312 3737 Art.
2362 3665 2509 3737 459
2566 3671 2647 3742 C.
2692 3670 2755 3739 P.

733 3796 898 3866 huic
932 3818 1222 3890 poenam
1271 3794 1603 3887 ergastuli
1648 3810 1776 3888 per
1821 3794 1998 3863 duos
2046 3817 2268 3887 usque
2318 3793 2407 3863 ad
2452 3798 2756 3890 quinque

733 3945 946 3991 annos
972 3974 991 4011 ‚
1063 3931 1133 3989 et
1200 3919 1539 3989 mulctam
1614 3931 1898 3991 centum
1970 3942 2194 4013 usque
2265 3919 2354 3988 ad
2424 3930 2758 3991 trecento·

729 4072 890 4119 rum
967 4044 1361 4115 francorum
1388 4096 1410 4133 ,
1480 4038 1810 4114 minatur.
1912 4042 2047 4117 Fac
2118 4044 2297 4115 inter
2367 4040 2546 4115 haec
2622 4057 2760 4117 acta
