2934 5102
1120 625 1217 697 79

306 835 385 906 2⁰
434 837 659 910 Poena
704 835 991 908 carceris
1040 860 1168 932 per
1216 849 1357 907 tres
1408 860 1632 930 usque
1679 836 1772 906 ad
1818 835 2190 908 duodecim

178 984 425 1032 menses
451 1016 472 1053 ‚
544 975 617 1032 et
688 961 1002 1032 mulctae
1087 972 1373 1032 centum
1448 960 1540 1030 ad
1612 949 2002 1032 trecentum
2073 986 2191 1032 us·-

178 1109 301 1178 que
370 1086 793 1158 francorum.

304 1211 531 1282 Poena
606 1209 983 1282 criminalis
1057 1211 1259 1280 unica
1288 1263 1311 1300 ,
1383 1233 1599 1304 quam
1671 1212 1743 1280 in
1815 1213 2004 1282 varia
2077 1211 2195 1282 de-

177 1334 323 1406 licta
369 1335 482 1406 lex
534 1337 783 1406 statuit
809 1386 831 1423 ‚
892 1345 999 1405 est
1055 1357 1219 1428 opus
1277 1335 1746 1429 temporarium
1769 1389 1790 1425 ,
1839 1348 2193 1406 mutatum

179 1482 249 1528 ex
320 1460 473 1553 lege
547 1457 643 1528 11
723 1459 890 1528 Dec.
968 1455 1165 1528 1815
1222 1460 1295 1529 in
1355 1483 1653 1553 poenam
1711 1462 2044 1554 ergastuli
2105 1461 2195 1531 ad

180 1584 555 1686 quindecim
610 1607 827 1654 annos
878 1585 1243 1654 continuos
1300 1585 1373 1652 in
1430 1586 1812 1654 maximum
1839 1638 1858 1675 ‚
1921 1587 2194 1678 adjecta

178 1708 637 1780 verberatione
663 1761 684 1797 ‚
761 1709 1187 1802 expositione
1233 1709 1305 1776 in
1354 1719 1616 1778 catasta
1645 1761 1666 1797 ‚
1735 1720 1858 1778 aut
1913 1708 2195 1778 infamia

180 1832 256 1901 cf.
326 1846 453 1904 art.
524 1831 618 1903 11
693 1832 866 1925 legis
942 1828 1035 1900 11
1113 1831 1279 1902 Dec.
1353 1828 1570 1900 1815.
1673 1831 1942 1902 Delicta
1989 1855 2195 1926 prop-

180 1967 273 2026 ter
337 1982 519 2052 quae
592 1957 724 2026 hae
783 1978 1049 2049 poenae
1106 1954 1522 2047 infliguntur
1579 1966 1787 2024 sunt:
1847 1956 2196 2049 negligen-

179 2084 263 2150 tia
328 2086 401 2154 in
478 2081 949 2154 custodiendis
998 2081 1305 2172 registris
1351 2079 1664 2150 adhibita
1688 2133 1710 2170 ‚
1769 2080 1858 2151 cf.
1917 2093 2046 2152 art.
2097 2079 2195 2150 27

181 2205 246 2275 C.
298 2208 369 2280 C.
426 2220 719 2304 propter
764 2229 978 2300 quam
1041 2203 1353 2274 tribunal
1403 2203 1808 2276 Dioeceseos
1855 2207 2194 2279 mulctam

129 2311 141 2322 ’
179 2332 513 2428 imponere
546 2343 780 2428 potest
800 2384 822 2421 ‚
870 2342 993 2399 aut
1037 2341 1315 2424 praeter
1352 2329 1694 2402 mulctam
1743 2333 2028 2427 insuper
2051 2356 2196 2404 car-

182 2460 335 2530 ceris
406 2479 707 2555 poenam
735 2509 757 2546 ‚
808 2457 864 2526 si
910 2454 1328 2548 negligentia
1389 2479 1630 2526 caussa
1691 2454 1826 2526 suit
1850 2510 1869 2547 ‚
1935 2469 2016 2527 ut
2075 2458 2194 2526 ali-

182 2586 317 2675 quis
386 2587 511 2680 qui
583 2606 727 2653 non
800 2592 903 2651 est
978 2581 1433 2675 depositarius
1461 2632 1483 2669 ‚
1558 2582 1844 2671 registra
1891 2593 2025 2651 etc.
2077 2582 2194 2650 de-

180 2712 492 2783 struxerit
568 2708 658 2778 cf.
736 2719 866 2775 art.
940 2703 1089 2775 254
1161 2705 1237 2774 C.
1311 2704 1388 2773 P.

309 2836 612 2907 Crimina
658 2854 840 2926 quae
890 2830 1045 2925 lege
1090 2828 1369 2923 poenali
1419 2839 1783 2919 caventur,
1837 2827 1981 2899 duo
2029 2843 2198 2899 sunt

181 2978 503 3045 numer03
585 2958 658 3025 in
736 2966 1118 3047 utrumque
1192 2951 1434 3023 eadem
1505 2975 1728 3045 poena
1814 2954 2189 3025 constituta

181 3093 311 3175 est,
359 3084 667 3155 alterum
714 3082 773 3149 si
824 3080 1268 3171 magistratus
1315 3077 1648 3172 publicus
1699 3091 1854 3149 acta
1903 3092 1975 3149 et
2022 3082 2194 3174 epis-

181 3206 341 3280 tolas
438 3230 623 3303 quac
720 3228 803 3277 ex
901 3192 1191 3273 munere
1276 3200 1628 3291 custodire
1725 3202 1938 3273 debet
1963 3224 2026 3291 ,·
2077 3204 2196 3275 de-

178 3336 413 3405 struxit
467 3344 593 3401 aut
640 3328 989 3423 perdidit,
1041 3327 1131 3397 cf.
1182 3337 1312 3395 art.
1363 3323 1512 3395 175
1561 3325 1637 3395 C.
1692 3325 1804 3413 P.,
1858 3325 2194 3418 alterum,

179 3456 227 3527 si
298 3460 451 3553 ipse
536 3454 996 3550 depositarius
1076 3451 1407 3546 publicus
1489 3473 1528 3518 e
1609 3448 1838 3521 medio
1909 3452 2196 3523 sustulit

178 3591 239 3648 et
305 3581 613 3681 perdidit
684 3591 841 3649 acta
867 3630 889 3667 ‚
964 3576 1239 3647 chartas
1262 3629 1284 3665 ,
1358 3573 1684 3668 epistolas
1754 3575 2195 3669 respicientes

176 3727 443 3779 caussas
518 3703 849 3799 poenales
873 3755 894 3791 ‚
970 3702 1255 3793 registra
1285 3753 1304 3790 ‚
1380 3712 1505 3769 aut
1579 3699 1712 3769 alia
1787 3701 2196 3773 instrumen-

175 3839 239 3899 ta
303 3854 492 3928 quae
568 3831 641 3898 in
724 3826 973 3897 archiis
1056 3822 1512 3895 custodienda
1591 3837 1755 3895 sunt
1861 3824 1954 3895 cf.
2067 3841 2197 3899 art.

176 3948 309 4027 255
358 3956 437 4027 C.
488 3954 569 4025 P.

308 4078 665 4153 Nonnulla
712 4076 913 4147 nobis
962 4086 1128 4145 sunt
1177 4071 1606 4143 observanda
1654 4072 1744 4145 de
1793 4074 2002 4147 modo
2049 4100 2202 4168 per-
