2934 5102
1137 634 1233 706 55

144 846 312 916 loco
398 842 922 914 transferantur.
1044 842 1533 940 Unusquisque
1592 869 1631 916 e
1698 846 1994 940 collegio
2076 848 2193 917 tri·

146 968 484 1056 bunalis,
557 991 636 1036 ea
704 967 1041 1059 inspicere
1119 979 1242 1036 aut
1324 982 1513 1038 certe
1591 969 1986 1063 apographa
2070 981 2194 1039 aut

143 1103 523 1184 excerptas
617 1114 702 1160 ex
796 1091 878 1159 iis
970 1091 1275 1184 recipere
1369 1105 1641 1185 potest,
1724 1092 1918 1186 quod
1984 1094 2192 1163 etiam

143 1226 573 1308 argumento
645 1237 730 1284 ex
803 1219 942 1283 art⁰
1012 1211 1108 1284 68
1167 1215 1370 1285 facile
1420 1216 1794 1287 derivando
1841 1215 2190 1286 firmatur.

303 1339 377 1408 Si
451 1339 662 1430 igitur
734 1361 858 1430 per
929 1337 1464 1431 disputationem
1526 1341 1599 1409 in
1656 1339 1807 1410 foro
1826 1393 1846 1430 ‚
1912 1363 2194 1410 caussae

102 1527 108 1534 .
143 1463 558 1558 peractione
602 1462 1041 1556 postulante,
1094 1463 1490 1532 universum
1538 1463 1912 1556 collegium
1962 1476 2045 1534 ut
2093 1488 2195 1535 os·

149 1585 542 1657 tendantur
587 1596 710 1654 aut
755 1586 1206 1680 inspiciantur
1259 1608 1537 1656 necesse
1587 1586 1781 1656 ducit
1807 1639 1830 1676 ,Α
1885 1588 1997 1657 lex
2041 1611 2195 1683 per-

145 1711 380 1782 mittit
447 1711 518 1778 in
587 1721 726 1810 art.
800 1706 916 1776 65.

306 1833 568 1902 Caussa
638 1833 1008 1925 praecipua
1083 1855 1300 1925 quare
1381 1832 1710 1904 deductio
1784 1835 2197 1904 instrumen-

149 1956 402 2028 torum
471 1979 611 2024 non
681 1955 817 2025 levi
886 1954 974 2025 de
1033 1978 1271 2026 caussa
1328 1957 1790 2048 permittenda
1851 1959 1985 2048 sit,
2044 1970 2194 2047 est,

149 2105 248 2151 ne
322 2081 608 2171 registra
655 2091 726 2148 et
771 2091 926 2150 acta
990 2091 1122 2150 cet.
1181 2081 1454 2173 saepius
1511 2080 1603 2150 ab
1660 2081 1893 2152 archio
1916 2134 1938 2170 ,
2010 2082 2197 2152 unde

152 2205 648 2297 unusquisque
715 2215 1074 2296 excerptas
1146 2205 1456 2296 accipere
1529 2217 1759 2298 potest
1783 2257 1804 2298 ‚
1878 2206 2129 2276 absint.

314 2327 571 2429 Eadem
659 2327 844 2396 valet
927 2349 1168 2397 caussa
1194 2378 1216 2416 ,
1293 2351 1509 2420 quare
1582 2327 2001 2400 Procurator
2075 2339 2199 2400 au't

153 2451 510 2545 Syndicus
599 2474 736 2520 non
820 2451 1036 2521 habet
1113 2453 1232 2542 jus
1317 2451 1611 2522 tollendi
1698 2465 1823 2523 aut
1906 2454 2199 2524 transfe-

151 2574 367 2647 rendi
450 2587 598 2645 acta
683 2588 755 2647 et
837 2577 1294 2647 instrumenta
1320 2627 1340 2664 ‚
1428 2575 1601 2645 dum
1686 2576 1793 2647 his
1878 2577 2042 2647 licet
2118 2601 2199 2647 ea

155 2700 506 2794 inspicere
577 2712 700 2769 aut
749 2699 1145 2793 apographa
1187 2721 1477 2769 ,sumere
1538 2697 1650 2769 esf.
1715 2710 1876 2768 artt.
1930 2697 2076 2768 162
2127 2712 2200 2769 et

159 2822 316 2894 165
389 2822 555 2893 Cod.
633 2822 720 2893 de
793 2822 1008 2892 meth.
1084 2844 1274 2915 proc.
1350 2822 1421 2891 in
1495 2822 1572 2892 C.
1647 2822 1723 2892 C.

313 2947 490 3045 Fieri
540 2948 717 3016 enim
765 2958 1038 3039 poterat
1089 2958 1169 3015 ut
1206 2945 1446 3039 plures
1482 2945 1971 3019 Procuratores
2008 2946 2196 3018 idem

153 3076 708 3144 instrumentum
781 3072 1114 3164 inspicere
1189 3081 1529 3166 cuperent
1555 3092 1585 3161 ‚·
1653 3095 1796 3165 quo
1857 3096 2020 3142 casu
2080 3072 2199 3143 ab·

151 3198 390 3269 sentia
463 3206 748 3265 actuum
827 3218 1108 3265 caussae
1183 3197 1577 3265 tractationi
1650 3207 1952 3265 noceret.

1106 3438 1267 3535 §4-

320 3689 482 3759 Tres
555 3689 788 3760 adhuc
871 3690 1312 3782 quaestiones
1397 3687 1833 3780 gravissimae
1905 3699 2200 3759 tractan-

151 3816 300 3887 dae
379 3823 798 3906 supersunt,
873 3836 1180 3906 quarum
1246 3812 1525 3883 nullum
1579 3813 1847 3904 opinor
1871 3864 1892 3902 ‚
1961 3813 2201 3886 disser-

154 3936 453 4011 tationis
529 3958 722 4006 meae
783 3948 1270 4029 argumentum
1346 3934 1663 4022 excedit3
1737 3937 1957 4031 prima
2030 3938 2203 4010 haec

151 4076 268 4134 est
309 4088 326 4129 ε
399 4083 570 4137 num
644 4057 1037 4153 Graphiarii
1103 4062 1157 4129 si
1207 4084 1316 4130 res
1365 4059 1713 4153 depositas
1762 4061 2052 4131 reddere
2102 4087 2203 4132 rc-
