2934 5102
1594 578 1691 652 12

629 793 962 879 tamenti3
1030 790 1211 861 illud
1273 803 1509 862 manet
1576 793 1757 863 inter
1808 792 2260 862 instrumenta
2316 792 2663 864 Tabellio-

629 918 782 1003 nis;
839 927 1116 986 mortuo
1175 927 1503 987 testatore
1556 915 1867 986 Tabellio
1923 918 2247 988 certiores
2308 915 2475 988 facit
2540 941 2663 988 eos

629 1063 934 1136 quorum
1000 1041 1284 1110 interest
1355 1038 1444 1109 de
1500 1051 1911 1110 testamento
1965 1041 2158 1134 quod
2212 1042 2283 1110 in
2344 1041 2663 1135 deposito

631 1166 942 1258 accepit,
1010 1177 1081 1235 et
1151 1187 1358 1257 porro
1416 1163 1705 1234 affertur
1753 1163 1978 1256 judici
2034 1166 2431 1236 cantonnali
2456 1219 2477 1255 ‚
2536 1167 2662 1260 qui

632 1291 853 1383 aperit
921 1300 992 1358 et
1060 1287 1150 1357 de
1205 1298 1527 1382 apertura
1584 1301 1823 1358 actum
1849 1349 1856 1354 .
1880 1287 2155 1382 perficit
2179 1342 2200 1379 ‚
2260 1314 2474 1383 quem
2532 1315 2665 1361 nos

631 1413 926 1483 dicimus
987 1411 1515 1506 proces-verbaal
1534 1465 1556 1502 ,
1630 1412 1721 1484 cf.
1778 1425 1913 1482 art.
1959 1410 2103 1482 989
2146 1415 2221 1484 C.
2265 1415 2391 1502 C.3
2464 1439 2664 1509 aper·

631 1551 790 1608 tura
847 1536 931 1606 fit
991 1559 1225 1607 coram
1273 1535 1697 1624 heredibus3
1761 1538 1803 1606 J
1808 1536 1991 1608 udex
2044 1538 2241 1609 Cant.
2291 1551 2663 1610 testamen·

631 1675 786 1732 tum
857 1662 1132 1732 reducit
1212 1663 1392 1732 inter
1470 1664 1931 1732 instrumenta
2001 1663 2417 1735 Tabellionis
2442 1717 2462 1754 ‚
2536 1667 2665 1760 qui

629 1787 812 1858 illud
880 1777 1248 1857 custodiat.
1373 1786 1485 1856 Sic
1566 1798 2059 1858 testamentum
2132 1791 2477 1860 testatoris
2540 1791 2667 1860 ali-

631 1910 949 2006 quande,
1019 1922 1092 1982 et
1158 1934 1349 1981 nunc
1417 1910 1758 1982 heredum
1814 1911 2198 1982 dominium
2222 1965 2243 2003 ,
2316 1927 2665 2008 perpetuo

631 2047 943 2107 remanet
999 2035 1190 2129 apud
1247 2034 1719 2110 Tabellionem
1780 2049 1851 2107 et
1918 2050 2079 2131 post
2126 2036 2224 2108 50
2273 2063 2489 2109 annos
2560 2063 2668 2110 re·

635 2161 859 2232 fertur
901 2162 973 2230 in
1019 2161 1547 2254 receptaculum
1605 2160 1998 2255 publicum.
2070 2162 2183 2232 cff.
2236 2175 2398 2234 artt.
2448 2161 2547 2233 65
2592 2176 2669 2234 et

635 2284 732 2356 69
802 2285 1000 2378 Legis
1072 2282 1118 2353 9
1186 2284 1355 2354 Julii
1429 2281 1648 2355 1842.
1772 2285 1895 2356 Est
1974 2287 2188 2380 igitur
2264 2286 2665 2382 depositum

635 2409 933 2504 speciale
960 2462 980 2499 ‚
1051 2431 1192 2478 non
1261 2409 1333 2478 in
1404 2421 1677 2480 certum
1752 2421 2026 2504 tempus
2096 2411 2219 2482 sed
2266 2413 2338 2481 in
2384 2424 2669 2507 tempus

635 2533 1099 2607 indefinitum.

779 2659 1206 2755 Apographa
1274 2662 1668 2733 testamenti
1726 2684 1999 2756 semper
2054 2661 2322 2733 edenda
2384 2676 2551 2734 sunt
2627 2689 2668 2735 a

635 2784 1055 2855 Tabellione.
1115 2784 1208 2855 cf.
1269 2798 1398 2854 art.
1449 2782 1547 2855 40
1594 2785 1684 2855 al.
1733 2782 1782 2853 2
1830 2796 1901 2857 et
1948 2798 2076 2857 art.
2125 2784 2221 2857 42
2268 2787 2461 2881 legis.
2508 2813 2564 2859 s·
2617 2790 2668 2859 l.

781 2908 1170 2979 Mercedem
1255 2909 1567 2980 Tabellio
1649 2912 1902 3005 accipit
1990 2935 2117 3006 pro
2200 2914 2665 2985 instrumento

631 3033 969 3129 perfecto.
1015 3032 1105 3103 cf.
1153 3033 1323 3126 legis
1369 3032 1458 3103 de
1499 3033 1980 3105 Tabellionum
2026 3036 2271 3107 Tutela
2318 3049 2391 3107 et
2422 3062 2665 3109 eorum

633 3156 977 3253 stipendio
1025 3166 1154 3226 art.
1207 3154 1277 3226 1.

780 3281 999 3377 Apud
1067 3279 1539 3351 Tabellionem
1596 3293 2089 3354 testamentum
2148 3285 2543 3357 custoditur
2596 3290 2666 3359 in

637 3409 931 3501 gratiam
1001 3406 1213 3505 ipsius
1282 3405 1555 3477 heredis
1626 3419 1751 3476 aut
1820 3407 2180 3502 legatarii,
2262 3412 2335 3482 in
2392 3412 2667 3506 jquibus

638 3544 832 3603 tanta
882 3533 953 3601 in
1007 3528 1462 3601 custodiendo
1518 3529 1873 3623 diligentia
1936 3532 2128 3604 haud
2182 3558 2339 3605 raro
2403 3535 2667 3609 deside·

639 3668 855 3728 ratur.

784 3780 889 3850 Ex
957 3802 1248 3849 munere
1318 3780 1629 3851 Tabellio
1695 3781 1895 3851 nulla
1968 3781 2101 3853 alia
2159 3784 2666 3875 instrumenta,

642 3929 871 4000 neque
935 3904 1102 3975 alias
1157 3929 1266 3976 res
1320 3906 1390 3975 in
1444 3905 1757 3999 deposito
1812 3906 2027 3979 habet
2053 3961 2073 3998 ‚
2136 3921 2411 4001 praeter
2454 3935 2667 4005 supra

644 4042 1070 4118 memoratas,
1135 4041 1366 4127 potest
1430 4030 1713 4125 quidem
1780 4056 1840 4103 e.
1899 4056 1965 4125 g.
2024 4057 2135 4104 res
2183 4035 2519 4129 pretiosas
2566 4037 2668 4105 uti
