2934 5102
1646 615 1745 688 26

687 839 914 900 servat
939 880 960 918 ,
1031 839 1174 897 tam
1244 827 1677 920 negligenter
1748 837 1830 895 ut
1910 825 2225 919 quotidie
2299 837 2371 914 et
2442 849 2716 920 semper

687 953 878 1024 furto
951 953 1176 1048 abripi
1249 965 1372 1022 aut
1443 953 1687 1046 perimi
1754 953 2041 1045 possint.

831 1077 1266 1171 Magistratus
1289 1129 1310 1168 ‚
1369 1101 1583 1171 quem
1641 1099 1767 1146 nos
1812 1075 2195 1146 ambtemar
2238 1075 2361 1146 der
2386 1075 2715 1168 reficti-a-

685 1203 772 1273 tie
819 1227 1146 1274 vocamus
1194 1203 1408 1272 habet
1453 1206 1575 1294 jus
1620 1200 2023 1295 inspiciendi
2070 1199 2327 1272 archivi
2375 1201 2715 1273 Tabellio-

683 1329 790 1397 nis
814 1381 833 1418 ‚
893 1329 1058 1422 quia
1117 1327 1216 1397 ibi
1275 1339 1433 1396 acta.
1491 1326 1777 1420 publica
1822 1326 2139 1419 deposito
2185 1338 2514 1398 tenentur
2538 1381 2557 1418 ‚
2622 1328 2713 1398 cf.

685 1464 813 1522 art.
887 1449 984 1520 54
1051 1452 1220 1544 legis
1293 1447 1390 1520 22
1459 1450 1785 1520 Frimaire
1854 1475 2013 1519 ann.
2085 1450 2249 1520 VH.
2362 1453 2715 1546 Inspectio

685 1575 834 1646 fieri
881 1576 1094 1646 debet
1143 1576 1214 1644 in
1262 1577 1412 1669 ipso
1461 1575 1619 1645 loco
1664 1575 2021 1646 custodiae
2068 1575 2365 1675 cngis
2396 1579 2713 1670 ejusdem

685 1715 814 1772 art.
899 1700 1016 1772 54.
1097 1701 1284 1771 unde
1363 1702 1821 1770 instrumenta
1914 1700 2187 1771 deferre
2282 1727 2425 1772 non
2522 1704 2713 1774 licet.

829 1827 932 1897 Eo
979 1827 1264 1897 consilio
1313 1826 1448 1896 hoc
1492 1826 1923 1917 magistratui
1966 1828 2389 1920 imperatum
2434 1841 2539 1900 est
2562 1883 2583 1919 ‚
2632 1842 2715 1900 ut

683 1953 1124 2044 magistratus
1170 1949 1459 2044 publice
1518 1949 1910 2042 depositarii
1958 1950 2047 2018 ad
2094 1948 2275 2020 bene
2322 1952 2717 2028 custodien-

683 2077 806 2146 das
854 2099 962 2145 res
987 2128 1008 2164 ‚
1056 2098 1238 2169 quae
1283 2074 1422 2144 illis
1471 2075 1543 2144 in
1578 2074 2027 2144 commodum
2072 2098 2449 2146 commune
2496 2077 2715 2148 credi·

685 2213 797 2270 tae
889 2212 1055 2270 sunt
1081 2251 1100 2288 ‚
1203 2211 1565 2292 cogantur.
1686 2199 1887 2292 Legis
1967 2223 2132 2269 vero
2208 2215 2669 2296 praeceptum
2690 2255 2711 2292 ‚

684 2325 876 2419 quod
946 2324 1152 2394 attuli
1225 2348 1264 2392 a
1337 2323 1855 2394 Tabellionibus
1902 2336 1975 2394 et
2020 2325 2145 2414 iis,
2218 2327 2338 2418 qui
2384 2327 2721 2414 ambtenaf

685 2474 804 2521 ren
871 2448 988 2519 der
1057 2447 1429 2541 reqistratie
1498 2459 1835 2517 vocantur
1908 2472 2157 2542 parum
2214 2453 2443 2520 curari
2489 2453 2715 2522 solet:

683 2588 838 2647 acta
864 2626 885 2665 ‚
994 2575 1368 2667 repertoria
1478 2585 1611 2643 etc.
1720 2574 2233 2645 transferuntur
2330 2577 2421 2647 ad
2499 2602 2717 2673 supra

682 2701 950 2772 dictum
1045 2701 1527 2791 magistratum
1552 2751 1573 2787 ‚
1670 2710 1751 2769 ut
1820 2700 2275 2793 inspiciantur
2298 2754 2317 2790 ,
2394 2705 2715 2795 quamvis

685 2828 798 2895 lex
869 2824 1202 2918 expressis
1269 2821 1499 2894 verbis
1563 2823 1774 2915 jubet
1843 2847 1923 2893 ea
1992 2825 2063 2895 in
2135 2825 2293 2895 loco
2355 2828 2505 2919 ipso
2562 2851 2717 2898 esse

681 2946 1127 3043 inspicienda.
1234 2947 1503 3017 Huicce
1558 2950 1770 3019 errori
1824 2949 1893 3017 in
1964 2950 2405 3043 inspectionis
2450 2951 2667 3022 modo
2694 3006 2715 3041 ‚

683 3075 862 3144 alius
940 3072 1208 3142 accedit
1287 3074 1679 3166 saepissime
1705 3126 1726 3161 ‚
1811 3075 1936 3166 qui
2008 3077 2337 3169 temporis
2404 3068 2717 3171 spatium

681 3210 982 3295 spectat,
1033 3196 1225 3292 quod
1257 3200 1438 3269 inter
1480 3198 1787 3291 singulas
1821 3200 2277 3293 inspectiones
2310 3202 2719 3274 intercedit:

682 3325 866 3397 fiunt
935 3324 1116 3394 enim
1188 3322 1608 3417 plerumque
1676 3323 1891 3394 semel
1965 3323 2054 3393 de
2126 3326 2420 3397 triennio
2467 3352 2719 3421 quam·

683 3453 780 3521 vis
878 3449 1284 3543 legislatoris
1380 3448 1743 3519 consilium
1833 3449 2189 3542 postulare
2269 3451 2549 3521 videtur
2633 3465 2723 3523 ut

682 3578 952 3669 saepius
1024 3573 1220 3643 fiant.

831 3700 1074 3769 Restat
1145 3709 1228 3767 ut
1299 3697 1599 3769 breviter
1668 3700 2077 3769 sententiam
2148 3724 2375 3769 meam
2432 3701 2671 3773 dicam
2703 3756 2725 3793 ‚

680 3826 770 3894 (16
841 3824 1240 3917 quaestione
1310 3825 1582 3917 saepius
1646 3826 1945 3917 agitata,
2023 3849 2204 3919 quae
2264 3840 2426 3895 cum
2494 3826 2727 3919 hujus

682 3948 1002 4020 sectionis
1104 3962 1513 4039 argumento
1620 3962 1809 4020 arcte
1914 3950 2258 4021 cohaeret.
2430 3952 2730 4025 Scilicet

682 4075 1072 4170 quaesitum
1119 4084 1268 4163 est,
1343 4098 1513 4143 num
1563 4074 1921 4164 Tabellio,
1970 4077 2090 4169 qui
2140 4076 2475 4167 pecuniae
2526 4104 2731 4149 sum-
