2934 5102
1638 571 1735 646 48

675 783 1026 856 habentur
1047 837 1067 874 ‚
1171 809 1202 852 «
1231 783 1551 882 openbare
1642 781 1951 876 reqisters
1979 809 2009 849 »
2108 781 2398 852 dicenda
2493 785 2645 854 sint
2672 777 2715 852 'l

675 921 747 980 et
825 909 995 978 mihi
1077 909 1399 978 videntur
1480 907 1606 976 arti
1679 904 1824 977 858
1902 931 1935 976 s
2044 906 2094 975 1.
2171 906 2382 976 verba
2468 909 2717 978 omnia

676 1032 1069 1125 complecti.
1193 1033 1278 1101 In
1358 1027 1495 1110 art⁰
1578 1028 1723 1100 859
1807 1029 2239 1100 Tabelliones
2313 1053 2456 1101 non
2530 1057 2569 1099 «
2606 1031 2717 1102 bc·

673 1156 1003 1228 waarders
1032 1183 1062 1225 »
1174 1155 1296 1226 sed
1405 1182 1435 1223 «
1465 1154 1749 1226 houders
1776 1180 1807 1222 >›
1915 1177 2041 1224 van
2146 1153 2436 1224 minuten
2460 1207 2481 1244 ‚
2590 1179 2719 1226 vo·

675 1288 927 1348 cantur
947 1329 968 1364 ‚
1059 1275 1503 1345 nihilominus
1598 1274 1671 1344 hi
1766 1275 1947 1344 inter
2033 1299 2065 1342 «
2093 1273 2490 1344 bewaarders
2574 1299 2717 1346 vau

679 1427 712 1468 «
741 1400 1058 1494 openbare
1122 1399 1429 1492 reqisters
1502 1422 1582 1468 en
1648 1399 1843 1468 aleten
1866 1423 1927 1488 ‚»
2011 1398 2409 1468 nominandi
2480 1412 2715 1485 sunt3

679 1548 920 1594 caussa
990 1547 1152 1592 vero
1223 1547 1440 1619 quare
1521 1523 1807 1614 registra
1892 1521 2081 1614 apud
2153 1518 2661 1615 Graphiarium
2690 1577 2713 1613 ‚

674 1647 963 1744 publica
1035 1645 1444 1742 (opeubare)
1523 1645 1843 1716 dicantur
1868 1698 1888 1735 ‚
1986 1648 2059 1715 in
2147 1648 2227 1716 iis
2322 1671 2502 1740 quae
2580 1649 2715 1718 Ta-

677 1771 891 1842 bellio
967 1771 1270 1842 custodit
1341 1773 1571 1840 minus
1652 1769 1893 1859 adest,
1966 1771 2130 1864 quia
2201 1782 2487 1841 actuum
2572 1775 2716 1842 ori-

678 1895 1010 1989 ginalium
1034 1947 1054 1984 ‚
1126 1896 1250 1988 qui
1321 1895 1623 1985 registris
1704 1893 2179 1964 inscribuntur
2202 1945 2223 1986 ‚
2318 1917 2458 1964 non
2547 1899 2713 1967 uni·

677 2021 932 2112 cuique
1027 2018 1150 2089 sed
1249 2019 1452 2088 certis
1552 2028 1823 2086 tantum
1932 2018 2237 2111 personis
2332 2031 2711 2113 excerptae

678 2142 986 2212 edendae
1047 2154 1257 2231 sunt,
1329 2141 1420 2212 cf.
1496 2154 1625 2212 art.
1704 2139 1849 2210 859
1918 2142 1994 2212 C‘.
2069 2141 2158 2212 de
2224 2143 2437 2212 meth.
2502 2169 2711 2238 proc.

679 2267 750 2334 in
861 2266 938 2336 C.
1047 2265 1132 2335 C.
1315 2265 1541 2335 Edere
1631 2276 1989 2358 excerptas
2092 2278 2165 2336 et
2280 2268 2713 2363 exemplaria

681 2401 785 2460 est
856 2387 1248 2484 Graphiarii
1275 2442 1295 2479 ,
1391 2412 1534 2459 non
1626 2413 1709 2459 ex
1802 2390 2030 2464 officio
2102 2391 2420 2464 ordinarii
2490 2393 2712 2487 depo·

677 2515 890 2587 sitarii
917 2568 944 2610 2.
1009 2514 1135 2587 sed
1168 2578 1171 2581 .
1206 2515 1370 2609 quia
1462 2527 1569 2584 est
1660 2539 1691 2583 «
1722 2513 2089 2587 bewaarder
2166 2540 2314 2589 van·
2382 2517 2711 2611 openbarc

684 2665 715 2709 «
743 2640 1031 2729 zaken.,»
1121 2640 1320 2709 nulla
1414 2641 1872 2709 instrumenta
1966 2640 2181 2733 hujus
2276 2643 2539 2734 generis
2636 2645 2711 2715 in

680 2788 886 2834 usum
955 2776 1351 2848 convertere
1421 2766 1485 2833 ei
1556 2764 1721 2834 licet
1784 2766 1913 2835 nisi
1980 2740 2081 2835 ad*
2139 2765 2214 2834 id
2236 2819 2261 2855 ,
2332 2765 2525 2860 quod
2588 2766 2711 2839 lex

679 2891 744 2959 ei
807 2888 1165 2981 praecipit.
1266 2887 1675 2981 Depositum
1746 2912 1785 2957 a
1852 2913 1969 2959 me
2040 2888 2159 2959 hic
2230 2889 2663 2985 descriptum
2686 2946 2711 2982 ,

680 3012 1118 3104 aliquatenus
1199 3010 1592 3104 depositum
1676 3012 2053 3105 irregulare
2122 3015 2349 3083 vocari
2418 3026 2701 3108 potoetj

679 3137 842 3230 quia
915 3122 1152 3206 habita
1216 3136 1482 3205 ratione
1555 3135 1768 3229 hujus
1826 3138 2004 3227 juris
2094 3160 2171 3205 re
2264 3138 2507 3226 utendi
2582 3139 2701 3235 (ut

679 3261 941 3331 scilicet
1010 3272 1366 3352 excerptas
1446 3259 1607 3330 inde
1684 3258 1947 3357 sumat)
2016 3260 2408 3354 depositum
2482 3267 2703 3335 consi·

681 3386 904 3457 derari
958 3365 1189 3479 potest
1211 3436 1235 3473 ‚
1307 3395 1667 3477 tamquam
1724 3386 2037 3477 proximo
2094 3408 2484 3457 connexum
2532 3412 2699 3459 cum

679 3509 1008 3580 mandato
1028 3562 1048 3599 ‚
1098 3531 1240 3602 quo
1288 3504 1681 3581 continetur
1716 3510 1992 3601 jussum
2041 3510 2459 3605 exemplaria
2494 3510 2697 3583 eden-

680 3633 799 3721 di3
882 3631 1074 3727 quod
1171 3633 1227 3701 si
1323 3654 1566 3701 verum
1662 3644 1840 3703 esset
1864 3685 1887 3722 ‚
1989 3632 2384 3726 depositum
2480 3639 2698 3729 magis

679 3758 1136 3829 adventitium
1214 3756 1619 3827 habendum
1704 3769 1907 3828 esset.
2026 3757 2193 3829 Mihi
2277 3754 2511 3831 tamen
2578 3761 2699 3833 de-

679 3885 985 3979 positum
1055 3882 1436 3977 principale
1461 3934 1483 3972 ,
1560 3894 1631 3953 et
1702 3883 2110 3953 mandatum
2180 3907 2265 3953 ex
2333 3908 2411 3954 re
2482 3884 2697 3979 depo-

592 4036 604 4051 ·
679 4011 810 4081 sita
883 4018 1242 4102 excerptas
1315 4007 1566 4079 edendi
1622 4006 2076 4080 adventitium
2132 4008 2527 4080 vocandum
2596 4034 2703 4082 ffi-
