2934 5102
1150 644 1245 716 99

200 859 579 949 praesertim
630 858 684 926 si
734 841 998 926 merces
1070 854 1416 948 quaedam
1489 879 1616 948 pro
1691 855 2006 926 custodia
2077 856 2210 927 sol·

202 983 385 1050 vitur.

326 1107 685 1178 Articulus
757 1104 853 1175 12
924 1109 1263 1201 praecipit
1335 1108 1550 1199 igitur
1621 1104 1902 1199 quando
1971 1107 2207 1176 civitas

198 1242 465 1302 tenctun
527 1256 609 1302 ex
680 1232 1100 1324 negligentia
1169 1233 1239 1300 in
1315 1231 1770 1301 custodiendo
1796 1283 1816 1320 ‚
1869 1243 1940 1300 et
1993 1231 2204 1300 verba

200 1381 225 1423 «
254 1357 353 1426 het
428 1356 597 1450 szk
673 1356 735 1425 is
812 1355 1308 1450 aanspralcelq’jk
1336 1383 1368 1424 »
1454 1357 1763 1426 indicant
1833 1359 1903 1426 in
1974 1357 2204 1426 civita-

198 1492 325 1550 tem
399 1485 741 1552 actionem
812 1507 957 1552 esse
1031 1481 1528 1552 instituendam
1597 1479 1754 1576 (1)3
1826 1484 1897 1551 in
1965 1505 2205 1575 quem-

196 1629 341 1674 nam
386 1608 513 1676 nisi
578 1609 648 1675 in
723 1631 884 1677 eum
952 1608 1074 1700 qui
1145 1605 1402 1675 dicitur
1456 1606 1956 1699 aansprakelzjk
1981 1659 2002 1694 ‚
2043 1609 2204 1698 jure

198 1733 517 1801 actionem
588 1733 949 1802 instituere
1021 1754 1377 1826 possemus
1404 1728 1443 1798 ’ἶ
1521 1730 1814 1800 verbum
1889 1754 2206 1825 aanspra·

198 1854 386 1948 kelijk
463 1855 722 1926 indicat
770 1880 830 1924 ·a
903 1880 1043 1949 quo
1126 1854 1295 1949 quid
1376 1858 1464 1925 sit
1545 1854 1972 1949 petendum,
2059 1877 2206 1923 ver-

197 1977 355 2050 bum
432 1981 1034 2074 verantwoordelq‘jk
1111 1980 1372 2050 indicat
1452 1982 1610 2074 quis
1701 2002 1934 2050 revera
2017 1978 2206 2048 dam·

195 2127 350 2176 num
418 2106 653 2176 subire
726 2129 808 2174 ex
880 2104 1137 2175 delicto
1182 2104 1459 2174 debeat.
1587 2104 1838 2174 Civitas
1885 2127 2036 2173 eam
2087 2128 2206 2173 cu-

196 2251 329 2298 ram
394 2232 463 2298 in
532 2253 822 2299 munere
894 2228 1361 2298 adhibendam
1432 2231 1868 2321 magistratui
1923 2228 2204 2298 manda·

196 2355 324 2443 vit,
371 2379 579 2448 quam
653 2352 818 2423 huic
891 2354 1019 2446 ipsi
1096 2354 1207 2422 lex
1280 2355 1349 2422 in
1426 2365 1556 2422 art.
1611 2351 1705 2422 12
1749 2354 2202 2448 praescribit,

196 2503 395 2571 quare
478 2480 685 2548 etiam
767 2479 1208 2571 magistratus
1288 2479 1574 2573 culpam
1643 2481 1977 2572 majorem
2046 2489 2206 2547 tan-

198 2614 333 2673 tum
404 2616 797 2699 praestare,
869 2603 1233 2673 habendus
1306 2617 1431 2673 est.

326 2729 703 2800 Videamus
751 2728 838 2797 ad
886 2728 1358 2822 quaestionem
1408 2725 1786 2795 secundam
1837 2748 2018 2819 quae
2063 2736 2201 2813 est,

193 2855 413 2946 qualia
484 2857 941 2924 instrumenta
1001 2852 1395 2922 indicentur
1455 2845 1731 2920 verbis:
1795 2875 1828 2918 «
1856 2850 1936 2920 de
1982 2850 2055 2919 in
2104 2849 2204 2921 be-

197 3003 223 3045 «
244 2980 489 3073 wariny
538 2979 757 3071 zzsjnde
802 2977 1140 3049 stukken.»
1237 2973 1568 3068 Quamvis
1623 2975 1797 3046 haec
1847 2974 2057 3046 verba
2108 2976 2203 3045 ita

191 3103 470 3197 intelligi
494 3123 517 3135 ⁹
556 3114 848 3197 possunt
876 3156 895 3192 ‚
981 3115 1062 3172 ut
1146 3103 1707 3195 complectantur
1793 3103 2022 3172 omnia
2105 3102 2205 3171 in·

190 3240 565 3298 strumenta
646 3250 827 3322 quae
902 3225 1393 3297 custodiuntur
1469 3225 1559 3295 ab
1629 3224 2205 3318 Hypothecarum

189 3350 481 3423 Custode
507 3406 527 3443 ‚
604 3351 1025 3446 praecedens
1099 3363 1333 3420 tamen
1392 3350 1564 3442 legis
1623 3348 1960 3419 articulus
1985 3401 2006 3437 ‚
2057 3347 2207 3417 ”ubi

187 3499 303 3568 per
377 3477 561 3547 idem
636 3476 1059 3547 vocabulum
1136 3500 1167 3545 «
1196 3473 1476 3545 stuklcen
1503 3499 1535 3541 »
1614 3472 1812 3543 nulla
1886 3473 2015 3542 nisi
2084 3470 2207 3541 illa

188 3624 361 3693 quae
456 3601 789 3672 dicuntur
859 3601 1129 3695 effectam
1200 3622 1330 3669 aan
1401 3588 1668 3668 toonder
1761 3596 2159 3666 indicantur
2183 3649 2204 3686 ‚

193 3725 323 3819 (eff.
401 3738 560 3796 artt.
637 3722 678 3794 1
710 3778 730 3815 ,
808 3723 853 3794 8
924 3736 996 3795 et
1068 3719 1165 3793 10
1234 3722 1549 3815 ejusdem
1602 3720 1845 3815 legis),
1917 3722 2204 3812 suadet,

302 4040 393 4117 (l)
453 4039 540 4097 Cf.
618 4038 691 4095 de
766 4038 941 4095 modo
1017 4035 1229 4111 agendi
1294 4038 1497 4092 contra
1562 4033 1896 4101 civitatem,
1961 4042 2070 4091 art.
2134 4036 2172 4089 4
2193 4077 2210 4104 ,

190 4132 285 4189 ala.
321 4138 344 4190 l
401 4132 467 4191 C.
516 4132 590 4189 de
638 4131 820 4188 meth.
873 4149 1028 4207 proc.
1078 4128 1141 4185 in
1190 4127 1257 4184 C.
1308 4126 1375 4185 C.

1589 4230 1725 4299 7*
