2934 5102
1672 595 1771 667 22

715 831 854 878 non
922 806 1118 876 luere
1183 829 1366 899 quae
1417 806 1633 899 ipsius
1690 803 1900 897 culpa
1958 815 2123 873 sunt
2169 804 2593 898 interceptar,
2626 802 2739 902 (1)

605 981 630 1012 ,,
717 931 999 1003 difficile
1082 943 1312 1000 tamen
1398 933 1529 1001 erit
1600 929 1898 1023 probare
1978 928 2109 999 sibi
2178 952 2261 998 ex
2331 942 2740 1002 testamento

718 1058 990 1153 perdito
1045 1057 1382 1126 damnum
1443 1079 1589 1126 esse
1636 1067 1867 1126 ortum
1889 1109 1911 1144 ‚
1978 1067 2473 1126 testamentum
2518 1061 2700 1130 enim
2722 1111 2741 1148 ,

719 1183 912 1278 quod
983 1185 1270 1252 unicum
1341 1183 1883 1251 instrumentum
1964 1193 2115 1269 est,
2184 1205 2269 1250 ex
2330 1206 2473 1276 quo
2556 1183 2743 1252 dam-

717 1333 890 1378 num
963 1308 1254 1376 allatum
1328 1305 1609 1400 probari
1677 1307 1938 1398 possit,
2005 1307 2155 1398 ipso
2224 1306 2349 1376 illo
2422 1306 2537 1376 die
2604 1332 2744 1402 quo

717 1434 856 1501 vim
914 1433 1307 1502 testamenti
1364 1443 1759 1502 assecutum
1804 1443 1981 1500 esset
2001 1482 2023 1520 ,
2079 1432 2304 1523 periit.
2391 1432 2461 1500 Si
2508 1445 2741 1502 autem

718 1557 1026 1627 Tabellio
1123 1557 1236 1627 die
1327 1559 1583 1626 mortis
1676 1557 2021 1626 testatoris
2047 1608 2069 1645 ‚
2170 1557 2311 1648 igni
2402 1559 2747 1627 commisit

717 1694 1209 1752 testamentum
1233 1735 1254 1772 ‚
1290 1707 1306 1710 -
1327 1682 1418 1750 ad
1489 1683 1965 1775 quaestionem
2034 1704 2123 1749 an
2195 1680 2507 1773 legatarii
2554 1681 2746 1750 dam·

713 1809 784 1876 ni
854 1808 1362 1876 resarcitionem
1453 1818 1693 1900 petere
1786 1817 2067 1899 possent
2092 1857 2115 1894 ‚
2204 1805 2376 1874 mihi
2466 1827 2747 1900 respon-

714 1932 1024 2002 dendum
1096 1955 1242 2001 esse
1313 1930 1619 2000 videtur:
1691 1929 1945 2000 horum
2016 1931 2356 2000 actionem
2376 1954 2545 2000 0non
2590 1955 2748 2025 pos-

713 2080 786 2126 se
880 2056 1196 2146 admitti,
1307 2058 1572 2126 etiamsi
1665 2078 1899 2124 revera
1996 2057 2069 2124 in
2162 2063 2577 2126 testamento
2669 2059 2751 2126 iis

711 2181 1022 2274 legatum
1094 2193 1271 2250 esset
1291 2234 1311 2270 ,
1383 2183 1548 2273 quia
1621 2181 2109 2272 legatariorum
2180 2159 2481 2271 nomen,
2510 2256 2517 2260 ,
2550 2182 2750 2275 quod

709 2329 795 2376 ex
870 2317 1282 2376 testamento
1353 2305 1639 2376 demum
1710 2307 2025 2398 provenit
2044 2357 2064 2394 ,
2133 2304 2447 2374 nondum
2504 2309 2577 2374 in
2626 2330 2749 2376 eos

712 2433 1056 2502 convenit.

856 2558 998 2627 Lex
1061 2554 1106 2626 9
1179 2581 1271 2626 m.
1345 2556 1516 2625 Julii
1586 2551 1781 2624 1842
1851 2555 1939 2625 de
2010 2578 2299 2625 munere
2344 2555 2511 2625 Tah.
2563 2580 2750 2649 quae

711 2684 1036 2753 omnibus
1103 2682 1450 2775 prioribus
1522 2681 1810 2773 derogat
1872 2682 1946 2750 in
2013 2692 2140 2749 art.
2208 2678 2306 2749 50
2330 2734 2351 2769 ,
2428 2682 2753 2751 universe

709 2808 964 2879 delicta
1032 2807 1514 2877 Tabellionum
1612 2806 1863 2877 deferri
1948 2805 2157 2898 jubet
2227 2830 2267 2873 a
2334 2806 2753 2897 magistratu

712 2934 835 3027 qui
905 2933 1280 3003 ministerio
1351 2930 1641 3025 publico
1709 2934 1984 3025 praeest
2007 2984 2028 3019 ‚
2068 2911 2192 2999 ¹ad
2262 2931 2574 3002 tribunal
2632 2932 2755 3002 Di-

711 3080 1046 3129 oeceseos.

791 3242 796 3245 .
853 3186 1017 3253 Art.
1063 3178 1211 3251 254
1235 3181 1333 3251 -C.
1384 3180 1461 3251 P.
1532 3180 1841 3250 minatur
1871 3248 1880 3253 ,,
1912 3203 2205 3273 poenam
2275 3181 2346 3249 in
2418 3201 2535 3250 eos
2604 3206 2757 3251 ma-

707 3310 1036 3402 gistratus
1059 3360 1080 3397 ‚
1176 3308 1356 3376 inter
1449 3329 1626 3399 quos
1720 3317 1791 3373 et
1860 3304 2293 3375 Tabelliones
2362 3306 2713 3398 leguntur
2739 3360 2759 3396 ,

697 3458 1012 3529 quorum
1114 3431 1531 3524 negligentia
1620 3453 1873 3500 caussa
1976 3429 2151 3518 fuit,
2264 3442 2480 3523 quare
2590 3445 2761 3503 acta

704 3566 842 3629 etc.
914 3558 1495 3629 submoverentur
1518 3608 1539 3644 ,
1636 3554 2033 3624 delerentur
2110 3568 2234 3625 aut
2302 3555 2763 3628 tollerentur.

703 3682 948 3752 Poena
1008 3704 1192 3776 quae
1263 3680 1429 3751 huic
1502 3680 1760 3765 delicto
1816 3678 2352 3773 praescribitur,
2428 3692 2535 3750 est
2588 3706 2768 3776 poe-

704 3831 792 3877 na
867 3808 1156 3877 carceris
1226 3830 1352 3899 per
1400 3818 1539 3875 tres
1612 3828 1881 3874 menses
1952 3828 2175 3898 usque
2220 3804 2307 3874 ad
2359 3829 2635 3877 annum
2694 3820 2773 3878 et

825 4094 914 4173 (1)
997 4094 1086 4153 cf.
1136 4094 1201 4152 L.
1259 4050 1335 4151 1:3²
1380 4094 1449 4151 D.
1502 4112 1639 4152 rem.
1688 4100 1792 4151 rat.
1843 4091 1978 4150 hab.
