2934 5102
1162 624 1256 698 75

182 840 326 911 rint
402 862 518 911 eos
590 837 1060 909 inscribendos
1117 851 1431 933 spectare
1497 841 1769 912 dicendi
1818 854 2030 929 sunt3
2077 842 2220 913 col-

187 965 403 1036 lectio
496 976 781 1034 actuum
808 1016 831 1053 ,
914 986 1167 1058 nempe
1242 966 1615 1058 registrum
1693 969 1906 1061 igitur
1983 990 2220 1038 omnes

184 1101 515 1183 spectat;
586 1112 671 1159 ex
732 1088 1046 1181 analogia
1118 1091 1242 1160 arti
1305 1088 1450 1160 575
1511 1093 1632 1162 uni
1681 1093 1941 1163 civitati
1997 1092 2224 1163 domi-

188 1216 391 1287 nium
464 1214 913 1306 registrorum
986 1213 1273 1285 attribui
1338 1227 1591 1309 potest.

337 1339 495 1409 Non
564 1338 793 1409 solum
859 1339 1146 1430 registra
1216 1362 1399 1433 quae
1469 1340 1675 1411 hodie
1732 1342 2054 1436 usurpari
2119 1362 2223 1409 so-

190 1464 341 1534 lent
366 1516 389 1554 ,
438 1462 566 1533 sed
614 1464 998 1557 antiquiora
1060 1465 1265 1535 etiam
1294 1516 1342 1553 ‚‚
1365 1464 1626 1559 quibus
1651 1516 1672 1555 ‚
1732 1489 1954 1558 quum
2003 1463 2222 1535 eccle·

191 1590 288 1657 sia
394 1588 585 1658 hisce
688 1587 1115 1659 caerimoniis
1218 1590 1567 1681 praeesset
1593 1641 1614 1676 ‚
1719 1586 2221 1657 declarationes

192 1712 522 1806 baptismi
566 1724 640 1781 et
682 1714 1088 1805 nuptiarum
1115 1764 1137 1797 ,
1196 1724 1266 1782 et
1335 1713 1469 1781 alia
1543 1725 1696 1782 acta
1754 1711 2223 1783 inscribeban-

194 1848 313 1907 tur
361 1835 489 1932 (cf.
538 1860 861 1905 numu-r
916 1860 980 1906 o.
1041 1860 1095 1905 s.
1159 1836 1205 1905 l.
1260 1836 1348 1905 ad
1406 1860 1566 1930 pag.
1631 1833 1807 1933 74‚)
1866 1838 1938 1905 in
1983 1836 2220 1906 arehio

195 1961 536 2031 collocata
606 1973 771 2031 sunt
796 2012 817 2050 ‚
894 1972 974 2030 ut
1034 1961 1273 2031 eadem
1336 1986 1504 2033 cura
1553 1986 1694 2055 qua
1740 1961 2072 2031 hodierna
2118 1981 2222 2031 re·

195 2087 407 2177 gistra
483 2085 985 2155 custodiantur.

343 2211 502 2280 Jam
561 2223 763 2281 antea
823 2210 1121 2280 vidimus
1178 2234 1305 2304 pro
1365 2224 1558 2281 certo
1619 2223 1894 2281 tantum
1958 2223 2224 2306 tempo-

197 2358 270 2405 re
326 2335 803 2427 magistratum
864 2336 987 2428 qui
1046 2334 1216 2403 actis
1290 2346 1512 2405 status
1579 2335 1708 2405 civ.
1769 2337 2044 2429 praeest
2103 2336 2223 2406 ho-

198 2484 357 2529 rum
392 2462 1047 2529 ‘instrumentorum
1116 2457 1265 2529 fieri
1326 2458 1818 2554 depositarium
1846 2512 1866 2549 ,
1926 2456 2222 2554 Graphi-

202 2586 421 2654 arium
471 2584 839 2656 tribunalis
890 2596 1130 2654 contra
1178 2584 1249 2652 in
1292 2596 1736 2676 perpetuum.
1834 2584 1992 2653 Art.
2038 2587 2222 2654 enim

198 2705 291 2777 22
341 2711 417 2780 C.
468 2710 543 2781 C.
594 2710 930 2804 praecipit
990 2721 1070 2778 ut
1126 2709 1436 2778 omnium
1505 2709 1955 2800 registrorum
1997 2731 2224 2778 exem-

200 2834 351 2927 plar
419 2834 720 2904 alterum
748 2886 769 2923 ,
846 2846 917 2904 et
986 2844 1342 2927 praeterea
1414 2832 1786 2924 registrum
1863 2835 2221 2904 continens

200 2960 605 3054 nuptiarum
680 2956 1185 3027 declarationes
1262 2955 1353 3026 ad
1449 2954 1768 3027 archium
1849 2957 2221 3030 tribunalis

200 3082 723 3155 transferantur.

341 3209 431 3276 In
502 3205 745 3302 eodem
816 3205 1113 3276 articulo
1180 3207 1409 3298 agitur
1477 3204 1566 3276 de
1638 3187 2086 3277 translatione
2154 3209 2228 3278 in

198 3332 513 3403 archium
604 3330 1005 3423 municipii;
1100 3329 1271 3400 haec
1369 3330 1730 3400 translatio
1823 3332 2224 3423 imaginaria

194 3469 343 3547 est,
422 3457 585 3550 quia
658 3455 972 3525 archium
1042 3456 1269 3548 ipsum
1338 3464 1443 3524 est
1515 3452 1712 3524 locus
1782 3455 1854 3522 in
1925 3478 2069 3547 quo
2121 3479 2226 3526 re-

196 3583 404 3672 gistra
499 3579 855 3650 habentur
944 3578 1031 3676 (i.
1128 3603 1187 3649 e.
1278 3580 1350 3648 in
1430 3601 1575 3672 quo
1657 3577 2050 3649 adnotanda
2121 3604 2225 3652 re·

192 3706 421 3797 gistris
489 3702 1005 3800 inscribuntur)
1078 3715 1151 3774 et
1220 3701 1712 3774 custodiuntur
1775 3726 1856 3774 ex
1903 3727 2228 3800 praecep-

196 3831 279 3900 tis
354 3831 545 3922 legis.

335 3955 621 4026 Praeter
666 3955 950 4048 registra
993 3955 1141 4046 jam
1208 3975 1413 4046 saepe
1471 3966 1848 4024 memorata
1900 3978 2108 4025 curae
2155 3967 2232 4025 et

200 4079 553 4152 custodiae
619 4081 1061 4173 magistratus
1108 4081 1231 4173 qui
1278 4079 1451 4149 actis
1499 4091 1720 4150 status
1769 4079 1986 4150 civilis
2033 4103 2227 4173 prae·
