2934 5102
1627 582 1770 654 122

692 798 1023 890 pecunias
1096 796 1387 888 recipit,
1464 818 1704 865 earum
1774 797 1846 863 in
1923 794 2076 888 lege
2136 794 2394 865 dicitur
2455 795 2704 889 deposi-

694 923 907 990 tarius
982 930 1055 989 et
1125 943 1362 991 revera
1434 919 1772 990 dicendus
1845 933 1998 1007 est3
2095 922 2232 990 imo
2307 922 2457 1013 ipsi‘
2511 919 2702 1013 depo-

691 1047 881 1115 nenti
958 1069 1071 1115 eas
1139 1046 1470 1139 pecunias
1540 1044 1831 1115 reddere
1901 1044 2138 1115 debet.
2262 1046 2528 1116 Natura
2597 1044 2703 1113 de-

690 1172 893 1263 positi
963 1172 1035 1239 in
1106 1193 1355 1263 genere
1422 1169 1737 1263 postulat
1796 1181 1878 1239 ut
1927 1168 2170 1239 eadem
2220 1192 2328 1239 res
2379 1192 2561 1263 quae
2605 1168 2704 1237 de-

691 1297 978 1388 ponitur
1045 1292 1381 1365 reddatur
1432 1291 1580 1388 (1),
1655 1317 1838 1388 quae
1907 1293 2150 1386 regula
2189 1295 2292 1363 -in
2365 1295 2702 1385 consigna-

694 1422 879 1489 tione
934 1441 1075 1488 non
1134 1417 1319 1487 valet
1343 1470 1364 1508 ,
1438 1420 1606 1511 quia
1665 1442 1804 1488 non
1865 1417 2143 1488 easdem
2189 1420 2520 1512 pecunias
2568 1416 2704 1486 red·

692 1542 796 1612 dit
820 1595 842 1632 ‚
916 1541 1041 1612 sed
1112 1566 1195 1613 ex
1270 1542 1728 1635 vectigalibus
1789 1544 2086 1635 receptis
2111 1596 2132 1632 ,
2209 1541 2703 1635 deponentibus

694 1668 1220 1760 consignationis
1299 1690 1540 1737 caussa
1567 1719 1588 1755 ,
1665 1666 1782 1760 (cf.
1805 1656 1820 1671 ’
1845 1666 1982 1737 sub
2045 1664 2121 1735 9ο
2147 1720 2168 1756 ,
2243 1668 2420 1737 Circ.
2495 1664 2629 1735 691
2656 1664 2698 1753 ,)

698 1790 989 1861 reddere
1062 1792 1123 1860 ei
1196 1790 1383 1861 licet.
1507 1790 1840 1859 Eamdem
1915 1814 2261 1861 summam
2309 1792 2524 1883 igitur
2569 1789 2700 1859 red-

696 1915 848 2005 dit,
922 1939 1063 1985 non
1134 1914 1409 1985 easdem
1469 1916 1845 2008 pecuniasz,
1943 1914 2257 2006 ejusdem
2325 1916 2538 2008 igitur
2607 1937 2701 2005 ge-

694 2042 877 2109 neris
949 2038 1228 2109 videtur
1282 2038 1414 2108 hac
1472 2040 1544 2108 in
1588 2063 1664 2110 re
1712 2038 1893 2109 illud
1943 2039 2139 2133 quod
2190 2041 2436 2133 recipit
2483 2062 2523 2109 e
2570 2061 2701 2107 vec·

694 2164 1021 2256 tigalibus
1047 2217 1068 2253 ,
1153 2176 1223 2233 et
1296 2162 1488 2257 quod
1561 2166 1807 2258 recipit
1855 2166 2384 2257 consignationis
2435 2186 2702 2247 caussa3

693 2289 1019 2381 quoniam
1097 2310 1261 2379 ergo
1330 2288 1633 2357 Exactor
1693 2290 1941 2358 severis
1999 2290 2386 2381 praeceptis
2447 2300 2518 2357 et
2561 2310 2703 2381 poe·

692 2414 797 2481 nis
870 2411 1243 2481 adstrictus
1300 2423 1451 2501 est,
1510 2411 1905 2504 depositum
1965 2412 2154 2505 apud
2213 2436 2379 2483 eum
2437 2412 2702 2483 securis-

692 2538 946 2608 simum
1006 2548 1329 2606 censetur
1352 2589 1371 2627 ‚
1412 2548 1483 2606 et
1532 2538 1603 2606 in
1649 2538 1905 2607 caussis
1957 2536 2078 2608 uhi
2127 2561 2542 2631 magnopere
2566 2559 2698 2606 rem

693 2661 874 2733 bene
948 2661 1278 2732 custodiri
1350 2655 1682 2752 interest,
1742 2661 1864 2731 ille
1911 2661 2368 2755 depositarius
2418 2685 2558 2732 esse
2597 2663 2695 2753 ju-

694 2785 927 2857 betur.
1026 2785 1289 2856 Eadem
1339 2788 1552 2879 igitur
1583 2798 1952 2879 praecepta
2004 2811 2188 2880 quae
2233 2797 2549 2880 spectant
2595 2807 2699 2878 pe·

690 2913 931 2981 eunias
968 2911 1408 3003 vectigalium
1434 2964 1455 3000 ,
1509 2923 1822 3003 spectare
1873 2911 2196 2980 videntur
2243 2912 2563 3005 pecunias
2589 2918 2700 2978 aut

691 3058 800 3104 res
874 3036 1403 3129 consignationis
1473 3058 1713 3105 caussa
1786 3047 2126 3129 receptas.

1515 3211 1906 3236 -ῶθῦ-

1384 3323 1866 3382 SECTIO
1947 3326 2033 3383 ΙΙ.

988 3475 1072 3514 1113:
1113 3475 1193 3514 IIS
1236 3475 1404 3516 QUAE
1444 3476 1814 3516 OBSERVARE
1853 3477 2057 3517 DEBET
2096 3478 2392 3518 EXACTOR
2409 3506 2426 3532 ,

1295 3581 1363 3622 IN
1404 3581 1603 3622 RBBUS
1645 3582 2116 3623 CUSTODIRNDIS.

1630 3696 1788 3792 §1-

834 3849 971 3919 Res
1017 3873 1189 3942 quas
1238 3848 1537 3918 Exactor
1585 3849 1933 3941 custodit,
1995 3851 2084 3921 ad
2132 3863 2273 3922 tres
2322 3853 2563 3923 classes
2606 3874 2697 3920 re·

813 4053 902 4131 (1)
946 4053 1035 4110 Cf.
1084 4061 1189 4110 art.
1246 4053 1388 4112 1751
1448 4053 1514 4111 G.
1567 4053 1632 4111 C.
