2934 5102
1695 618 1842 690 102

756 826 790 869 «
818 798 1251 891 handelinqen
1272 852 1291 887 ‚
1344 798 1429 890 os
1462 798 1543 868 de
1587 798 1724 868 niet
1769 798 2124 891 nakomin9
2159 822 2285 869 van
2319 800 2642 892 yemaakte
2672 796 2746 866 be·
2855 762 2857 773 ⁴

756 950 789 993 «
810 924 1219 1019 palinqen»‚
1268 921 1357 992 cf.
1404 935 1534 991 art.
1582 920 1678 991 15
1725 948 1780 993 S.
1826 924 1874 992 l.
1978 925 2047 992 Si
2093 926 2532 1017 magistratus
2573 924 2747 1015 igitur
2855 938 2857 945 ’

752 1051 1087 1118 minorem
1146 1072 1385 1117 curam
1422 1047 1744 1117 adhibuit
1799 1050 1870 1116 in
1919 1049 2437 1138 instrumentiS,
2488 1048 2747 1143 Effecten

753 1198 884 1244 aan
959 1173 1225 1242 toonder
1292 1173 1496 1241 dictis
1569 1172 2034 1243 custodiendis
2059 1224 2080 1260 ‚
2160 1197 2372 1266 quam
2451 1174 2520 1241 in
2595 1172 2748 1255 sui5‚
2855 1164 2857 1225 ἶ

752 1299 936 1366 male
982 1295 1390 1365 mandatum
1439 1310 1810 1366 exsecutus
1857 1307 2007 1383 estt,
2079 1297 2247 1365 mali
2303 1297 2465 1365 inde
2509 1299 2628 1369 orti
2669 1318 2747 1362 re-

753 1422 1027 1492 sarcitio
1076 1421 1343 1513 petitur
1388 1444 1427 1487 a
1479 1422 1791 1508 civitate,
1843 1433 1913 1489 et
1959 1423 2016 1491 si
2063 1421 2402 1515 delictum
2449 1421 2748 1515 probatur

754 1546 845 1614 ab
894 1547 1153 1614 aerario
1200 1544 1495 1614 solvitur
1517 1597 1540 1635 ,
1610 1544 1734 1614 sed
1802 1545 2016 1636 hujus
2075 1545 2612 1615 deminutionem
2652 1546 2746 1611 im·

750 1671 945 1764 plere
971 1723 992 1758 ‚
1043 1682 1113 1739 et
1167 1670 1379 1761 hujus
1439 1668 1774 1738 damnum
1822 1671 2150 1739 resarcire
2197 1670 2410 1739 debet
2455 1672 2596 1765 ipse
2635 1690 2746 1735 ma-

752 1796 1078 1887 gistratus
1127 1793 1538 1885 delinquens
1563 1845 1584 1881 ‚
1649 1794 1912 1887 quippe
1960 1794 2082 1886 qui
2121 1793 2529 1865 mandatum
2553 1848 2575 1884 ,
2637 1814 2744 1861 non

750 1927 915 1989 vero
962 1918 1353 2011 depositum
1400 1916 1706 1987 violavit.

1674 2096 1709 2191 ς
1763 2097 1862 2165 11.

897 2292 983 2359 In
1054 2292 1498 2361 securitatem
1569 2302 1642 2359 et
1714 2292 2005 2382 gratiam
2049 2293 2290 2361 aerarii
2338 2292 2746 2363 constituitur

750 2416 841 2484 ab
890 2414 1211 2484 omnibus
1258 2415 1776 2507 magistratibus
1802 2467 1823 2504 ‚
1898 2418 2020 2509 qui
2087 2440 2170 2488 ex
2217 2440 2506 2487 munere
2551 2429 2743 2487 tenen·
2856 2412 2857 2477 Ῠ

750 2553 868 2611 tur
916 2540 1004 2611 de
1048 2539 1304 2610 damno
1350 2539 1786 2611 resarciendo
1810 2592 1831 2631 ‚
1881 2565 2154 2612 summa
2213 2544 2548 2636 pecuniae
2599 2561 2743 2636 quae
2856 2625 2857 2630 ἵ

750 2667 1007 2738 dieitur
1051 2667 1369 2760 Borqtoqt
1387 2718 1409 2755 ‚
1469 2678 1550 2736 ut
1596 2665 1756 2736 inde
1803 2669 2206 2760 praesertim
2253 2669 2546 2740 civitatis
2589 2667 2744 2736 dam·

749 2815 835 2860 na
886 2803 1294 2884 repetantur
1345 2786 1482 2884 (1).
2179 2773 2188 2778 ⁵

899 2916 967 2983 Si
1033 2914 1231 2983 nulla
1292 2913 1445 3005 lege
1491 2914 1774 3007 speciali
1820 2927 2108 2986 cavetur
2151 2915 2239 2984 de
2285 2915 2525 2986 officiis
2570 2914 2744 3004 depo·

748 3040 1140 3109 sitariorum
1186 3037 1636 3132 publicorum
1660 3091 1681 3127 ,
1752 3039 1864 3110 lex
1929 3040 2265 3132 generalis
2324 3043 2404 3112 iis
2449 3035 2744 3134 applicari

749 3163 1008 3250 dehet3
1054 3163 1229 3233 haec
1276 3175 1512 3233 autem
1563 3164 2014 3258 praescribit,
2062 3177 2143 3234 ut
2188 3166 2352 3259 plus
2400 3164 2601 3236 semel
2625 3184 2744 3230 mo-

748 3291 917 3378 nui,
966 3301 1047 3358 ut
1094 3289 1428 3380 majorem
1500 3311 1738 3358 curam
1790 3312 2004 3382 quam
2047 3289 2119 3357 in
2167 3291 2308 3359 suis
2357 3287 2744 3371 adhibeant,

749 3437 966 3508 quare
1034 3437 1117 3482 ex
1190 3412 1401 3506 culpa
1466 3411 1600 3482 levi
1637 3416 1788 3506 jam
1837 3425 2167 3484 tenentur
2188 3465 2209 3503 ,
2283 3438 2466 3507 quae
2510 3431 2746 3503 semper

739 3540 964 3632 judici
1017 3540 1147 3609 erit
1194 3536 1554 3632 probanda
1602 3536 1741 3636 (2).

874 3825 965 3902 (1)
1048 3825 1160 3884 Off.
1209 3823 1389 3900 Regis
1438 3823 1738 3880 decretum
1794 3827 1861 3880 15
1913 3843 1991 3880 m.
2023 3825 2167 3902 Apr.
2207 3827 2360 3884 1814
2382 3870 2396 3898 ,
2447 3818 2740 3882 Staatsblad

749 3918 840 3976 n0.
875 3919 951 3979 47
970 3963 984 3990 ,
1019 3925 1079 3974 et
1110 3925 1219 3974 art.
1261 3921 1327 3974 15
1380 3915 1680 3992 Epistolae
1717 3914 2082 3994 (Circulaire)
2101 3918 2204 3986 ρο.
2241 3919 2359 3980 677
2363 3963 2379 3976 .

873 4010 964 4088 (2)
1049 4009 1138 4067 Cf.
1172 4016 1280 4067 art.
1320 4010 1473 4072 1744
1507 4010 1614 4068 sub
1661 4007 1729 4066 20
1764 4017 1824 4067 et
1858 4029 1942 4068 ms:
1973 4029 2197 4084 PINTO,
2243 4010 2636 4086 Handleiding
2663 4011 2740 4062 tot

747 4106 857 4163 het
888 4105 1065 4180 Burg.
1098 4103 1294 4160 Wetb.
1327 4102 1403 4160 ad
1434 4105 1465 4176 ς
1507 4107 1674 4162 1011.
