2934 5102
1163 615 1257 688 55

192 840 287 897 tet
313 880 335 917 ,
436 850 578 920 quo
652 827 890 898 ordine
951 825 1222 918 judices
1295 828 1365 895 in
1443 823 1776 896 tribunali
1846 825 2164 896 adsidant
2189 880 2211 918 ,

190 962 258 1020 et
319 953 394 1020 in
452 975 590 1045 qua
616 1005 637 1040 ,
702 953 1248 1044 uniuscujusque
1307 950 1601 1044 dignitas
1664 963 1734 1020 et
1793 962 1979 1020 aetas
2028 975 2213 1022 com·

189 1087 706 1163 memorantur,
776 1073 865 1144 cf.
923 1087 1053 1143 art.
1104 1071 1222 1142 18.
1275 1073 1473 1166 Legis
1524 1073 2003 1171 (Reglement)
2052 1099 2106 1144 s,
2159 1074 2209 1144 l.

334 1198 685 1292 Epistolae
755 1221 938 1292 quae
1012 1197 1101 1267 ad
1175 1197 1483 1267 tribunal
1564 1199 1989 1288 mittuntur,
2088 1210 2212 1268 aut

187 1322 552 1402 relationes
611 1323 834 1392 variae
859 1375 880 1411 ,
956 1322 1045 1392 ad
1117 1323 1431 1392 eamdem
1504 1321 1792 1392 classem
1864 1323 2031 1392 mihi
2106 1346 2210 1393 re-

189 1446 553 1534 ferendae,
625 1446 973 1543 *videntur
995 1499 1016 1534 ,
1112 1469 1527 1539 magnopere
1618 1458 1854 1516 autem
1925 1447 2210 1518 interest

186 1573 362 1640 scire
457 1593 544 1638 an
640 1556 1178 1639 instrumentum
1275 1569 1411 1638 dici
1506 1571 1766 1664 possit,
1864 1571 2209 1670 pertinere

187 1694 274 1763 ad
361 1693 668 1762 tribunal
749 1695 910 1786 quia
987 1693 1098 1762 lex
1187 1695 1259 1763 in
1353 1705 1480 1762 art.
1566 1691 1682 1762 65.
1765 1693 1961 1786 Legis
2030 1717 2086 1762 s,
2158 1691 2209 1761 l.

188 1817 552 1887 discrimen
645 1819 717 1886 in
807 1817 1018 1886 modo
1115 1817 1575 1887 translationis
1668 1839 1753 1886 ex
1834 1817 2068 1887 archio
2138 1817 2211 1885 in

185 1940 403 2010 alium
453 1937 716 2010 'locum
789 1953 1153 2010 memorat.
1237 1975 1240 1979 ¹

317 2062 602 2156 “Quarto
693 2063 848 2133 loco
929 2063 1018 2132 ad
1101 2063 1282 2134 hanc
1366 2064 1654 2135 classem
1738 2067 1994 2157 retuli,
2084 2068 2208 2137 Co·

183 2187 376 2257 dices
402 2240 423 2277 ,
497 2186 826 2257 collectas
899 2187 1084 2278 leges
1159 2200 1229 2256 et
1302 2187 1518 2259 libros
1542 2241 1562 2279 ,
1646 2193 1769 2284 qui
1843 2191 2207 2262 tribunalis

187 2310 684 2380 bibliothecam
759 2311 1090 2382 efficiunt.
1213 2312 1282 2382 Si
1355 2313 1535 2384 bene
1600 2315 1911 2409 intelligo
1984 2330 2209 2411 potes·

187 2445 410 2504 tatem
482 2435 672 2505 verbi
749 2461 782 2503 «
811 2435 1125 2506 bekooren
1149 2462 1182 2504 »
1256 2439 1322 2506 in
1400 2436 1536 2507 art⁰
1612 2435 1703 2507 61
1783 2451 1853 2508 et
1913 2451 2053 2509 art⁰
2114 2437 2209 2508 65

184 2585 241 2629 S.
305 2559 352 2627 l.
381 2612 402 2647 ‚
475 2558 610 2629 hoc
683 2560 898 2630 verbo
973 2583 1112 2630 non
1186 2560 1647 2654 significatur·
1686 2564 2021 2655 possessio
2095 2564 2211 2631 tri-

184 2684 464 2754 bunalis
488 2736 509 2773 ‚
586 2664 709 2753 sed
779 2686 994 2777 magis
1054 2684 1265 2777 quod-
1307 2708 1385 2755 ea
1441 2686 1897 2755 instrumenta
1924 2738 1945 2775 ‚
2016 2710 2210 2755 usur·

182 2821 444 2902 pantur
507 2793 607 2876 vab
678 2807 798 2877 illo
871 2806 1162 2901 collegio
1188 2860 1210 2897 ,
1284 2820 1409 2878 aut
1480 2807 1693 2900 hujus
1765 2832 1974 2902 opera
2045 2822 2212 2879 sunt

181 2932 479 3018 effecta3
554 2930 802 3003 Civitas
876 2945 982 3003 est
1053 2932 1328 3002 domina
1401 2956 1641 3002 earum
1716 2933 1952 3026 legum
2026 2947 2209 3022 etc.:,

179 3047 412 3127 eidem
486 3056 769 3157 qui'dem
866 3058 1123 3127 civitati
1205 3060 1541 3151 competit
1621 3058 2005 3130 dominium
2097 3082 2211 3130 re-

180 3183 560 3275 gistrorum
657 3193 727 3251 et
819 3183 1130 3252 omnium
1224 3184 1844 3252 instrumentorum
1916 3207 2097 3277 quae
2169 3208 2210 3256 a

177 3303 602 3399 Graphiario
672 3305 1203 3393 custodiuntur3
1289 3318 1595 3376 attamen
1666 3306 2031 3377 discrimen
2104 3318 2208 3377 est

76 3456 119 3492 κ
174 3433 366 3501 inter
448 3430 620 3501 haec
719 3442 790 3499 et
883 3430 1096 3501 libros
1177 3442 1311 3501 eet.
1338 3483 1359 3521 ,
1442 3440 1652 3525 supra
1747 3443 2206 3503 memoratos:

173 3557 302 3627 hos
383 3556 564 3624 enim
635 3556 872 3625 civitas
945 3554 1288 3626 tribunali.
1343 3555 1680 3626 concessit
1739 3530 1997 3650 quibu}
2060 3566 2208 3625 ute·

169 3694 378 3751 retur
401 3731 426 3769 ‚
499 3676 787 3771 registra
849 3692 1087 3749 contra
1148 3692 1219 3749 et
1275 3680 1731 3753 instrumenta
1806 3689 1937 3749 cet.
1965 3732 1986 3769 ‚
2042 3692 2208 3751 sunt

172 3829 284 3875 res
338 3828 380 3873 a
433 3804 838 3895 magistratu
864 3856 883 3893 ‚
948 3804 1224 3874 nomine
1295 3804 1509 3898 ipsius
1582 3801 1873 3874 civitatis
1945 3804 2207 3897 perfec·
2288 3805 2295 3813 '

173 3940 287 3999 tae
365 3928 446 3996 in
519 3950 722 3997 usum
797 3916 1087 3998 civitatis
1161 3939 1234 3998 et
1303 3925 1509 3997 simul
1578 3914 1650 3998 in
1732 3950 1941 3996 suum
2024 3952 2206 3999 com-

171 4050 497 4123 modu'm.

1671 4172 1716 4241 3
1743 4174 1791 4225 *ν
