2934 5102
1163 645 1260 717 65

182 882 486 952 quorum
555 857 970 951 negligentia
1041 867 1316 927 tantum
1341 908 1365 947 ‚
1459 868 1531 927 et
1614 858 1687 926 in
1758 880 1839 926 ea
1908 881 2209 951 quorum

184 984 447 1053 malum
521 985 953 1078 propositum
1026 979 1259 1076 (slecht
1330 982 1541 1076 opzet)
1614 993 1718 1053 est
1790 1005 2051 1052 caussa.

325 1109 582 1179 Prioris
652 1110 920 1202 generis
989 1107 1246 1178 delicta
1316 1107 1553 1178 locum
1621 1107 1930 1178 habent:
2006 1107 2087 1178 10
2153 1111 2211 1179 si

183 1230 634 1329 Graphiarius
681 1256 822 1302 non
868 1235 1032 1302 satis
1083 1256 1292 1302 curae
1341 1231 1664 1303 adhibuit
1706 1234 1778 1302 in
1822 1234 2211 1304 custodien-

183 1356 272 1428 do
318 1359 363 1427 i.
417 1381 480 1428 e.
529 1359 586 1427 si
635 1358 973 1427 minorem
1032 1379 1272 1428 curam
1330 1357 1653 1430 adhibuit
1711 1383 1925 1452 quam
1956 1359 2211 1430 ‘bonus

184 1494 380 1575 pater
451 1481 744 1552 familias
817 1480 1030 1551 debet
1105 1481 1455 1552 adbibere.
1556 1483 1691 1554 Hic
1747 1483 1999 1554 modus
2058 1509 2211 1555 cus·

185 1607 410 1676 todiae
485 1608 864 1700 requiritur
921 1606 1012 1676 ab
1070 1603 1485 1700 Graphiario
1541 1608 1613 1675 in
1672 1618 1801 1677 art.
1858 1605 1955 1676 27
2005 1607 2081 1679 C.
2131 1607 2207 1679 C.

187 1728 284 1800 2⁰.
383 1731 456 1802 Si
554 1731 892 1802 delictum
991 1730 1082 1800 ab
1173 1730 1310 1800 alio
1391 1743 1868 1825 perpetratum
1896 1785 1915 1822 ‚
2000 1731 2209 1804 debe·

186 1868 302 1926 tur
371 1855 725 1927 socordiae
797 1852 1190 1948 Graphiarii
1216 1907 1238 1945 ,
1315 1853 1408 1923 cf.
1482 1865 1610 1924 art.
1685 1851 1835 1924 254
1906 1856 1982 1926 C.
2055 1856 2134 1927 P.

322 1980 594 2051 Delicta
668 2004 752 2051 ex
826 1980 1162 2052 industria
1236 1991 1629 2073 perpetrata
1658 2033 1677 2070 ‚
1752 1993 1963 2050 sunt:

326 2104 430 2175 10.
505 2107 576 2174 Si
648 2102 1106 2200 Graphiarius
1179 2107 1326 2198 ipse
1377 2105 1706 2195 sustulit,
1783 2108 2038 2176 amovit
2086 2117 2211 2178 aut

187 2231 526 2300 subtraxit
573 2241 727 2300 acta
755 2282 776 2319 ‚
828 2229 1100 2299 chartas
1130 2281 1151 2318 ,
1201 2229 1659 2302 instrumenta
1706 2243 1842 2301 etc.
1864 2285 1884 2321 ‚
1936 2231 2026 2302 cf.
2078 2244 2207 2303 art.

185 2351 328 2424 255
401 2356 476 2425 C.
549 2355 627 2425 P.

328 2475 430 2547 20.
502 2479 572 2549 Si
644 2477 786 2550 fide
859 2479 1120 2553 abusus
1193 2493 1340 2573 est,
1415 2481 1806 2564 mutilando
1874 2494 1995 2553 aut
2044 2481 2213 2554 sub-

189 2603 516 2675 trahendo
594 2604 904 2676 valorem
986 2629 1218 2675 rerum
1246 2658 1267 2695 ,
1352 2630 1535 2699 quae
1618 2609 1769 2698 ejus
1854 2606 2211 2677 custodiae

185 2728 480 2800 creditae
553 2742 765 2819 sunt,
841 2728 934 2801 cf.
1009 2742 1139 2801 art.
1213 2727 1360 2799 408
1434 2730 1526 2800 al.
1596 2727 1639 2799 1
1718 2753 1805 2800 en
1877 2727 1927 2799 2
1999 2731 2075 2801 C.
2126 2731 2205 2801 P.

324 2854 426 2924 50.
505 2856 574 2924 Si
649 2866 804 2925 acta
887 2868 960 2924 et
1042 2856 1501 2925 instrumenta
1528 2908 1548 2944 ‚
1624 2878 1806 2949 quae
1877 2854 2207 2950 publicus

183 2982 436 3074 quippe
535 2982 976 3072 magistratus
1075 2982 1326 3050 retinet
1352 3034 1372 3071 ,
1473 2980 1754 3051 violavit
1862 2994 1985 3051 aut
2093 2981 2211 3051 de·

184 3108 431 3194 traxit,
513 3104 603 3173 cf.
681 3114 810 3173 art.
886 3101 1038 3173 175
1109 3105 1184 3175 C.
1259 3105 1338 3175 P.

315 3227 426 3299 40.
503 3230 572 3298 Si
630 3231 998 3324 pecuniam
1027 3283 1043 3311 ,
1123 3242 1247 3299 aut
1319 3254 1428 3300 res
1502 3232 1837 3323 pecuniae
1886 3232 2206 3325 aequipa-

181 3354 430 3425 randas
503 3366 644 3424 tam
721 3357 1149 3447 privatorum
1225 3378 1436 3448 quam
1513 3355 1804 3425 civitatis
1830 3406 1851 3443 ,
1913 3367 2037 3425 aut
2086 3356 2209 3424 eti·

181 3502 284 3549 am
389 3478 524 3547 alia
623 3480 728 3549 uti
809 3490 1208 3550 contractus
1236 3532 1255 3569 ‚
1358 3491 1513 3549 acta
1590 3490 1659 3549 et
1731 3502 1839 3549 res
1914 3478 2209 3549 mobiles

179 3626 344 3695 quas
423 3601 822 3696 possidebat
905 3605 1208 3674 muneris
1284 3624 1571 3693 caussa3
1671 3602 2016 3693 detraxit,
2116 3602 2207 3674 cf.

178 3741 299 3797 art.
377 3725 530 3797 169
606 3728 681 3798 C.
757 3727 836 3797 P.

315 3852 573 3923 Omnia
624 3852 878 3923 delicta
927 3852 1146 3923 relata
1193 3864 1510 3947 spectant
1559 3851 1896 3921 violatum
1944 3851 2210 3949 deposi-

177 3986 348 4047 tum.
442 3976 544 4047 De
593 3976 880 4071 singulis
932 3974 1236 4047 breviter
1283 3975 1663 4047 videndum
1713 3978 1842 4047 erit
1868 4030 1889 4067 ‚
1941 3990 2011 4049 et
2061 3980 2210 4074 qui-

173 4100 332 4171 dem
405 4100 497 4170 de
559 4102 783 4195 primo
832 4100 1004 4173 haec
1055 4124 1349 4175 moneo:
1423 4102 1635 4173 verba
1684 4101 1811 4173 arti
1858 4098 1955 4170 27
2005 4102 2081 4173 C.
2133 4101 2210 4173 C.

1674 4224 1723 4293 5
