2934 5102
1143 641 1242 712 29

168 873 470 945 persona
553 852 672 944 qui
756 873 866 920 res
948 848 1250 920 custodit
1275 900 1297 938 ,
1385 851 1639 944 cuique
1712 874 1876 944 ergo
1950 875 2203 922 nomen

169 974 586 1068 Depositarii
648 973 901 1069 publici
973 971 1362 1069 (Openbaar
1409 973 1810 1072 bewaarder)
1862 979 2203 1047 convenit.

170 1099 528 1193 Frequens
577 1111 720 1168 tam
769 1100 841 1170 in
887 1097 1054 1169 Cod.
1108 1098 1251 1168 Civ.
1300 1123 1510 1192 quam
1562 1101 1634 1168 in
1684 1100 1940 1171 Ceteris
1984 1100 2202 1171 Codd.

171 1225 440 1297 mentio
514 1223 598 1292 fit
671 1247 910 1293 earum
957 1245 1186 1293 rerum
1237 1247 1417 1316 quae
1464 1224 1653 1317 apud
1704 1224 2016 1295 archium
2066 1226 2205 1295 Tri-

173 1347 456 1418 bunalis
530 1347 980 1442 deponendae
1053 1360 1238 1418 sunt.

329 1473 412 1541 In
462 1473 630 1565 lege.
665 1473 884 1542 dieta:
939 1472 1344 1566 (Reqlement
1391 1473 1818 1545 betreffende
1862 1474 1951 1543 de
1994 1474 2203 1545 Eeds-

176 1598 528 1691 aflegging
586 1596 712 1666 der
772 1595 1352 1667 onderscheidene
1400 1598 1800 1691 regterlijke
1850 1600 2204 1669 ambtena-

173 1747 304 1794 ren
330 1775 351 1811 ‚
412 1721 502 1792 de
553 1720 1000 1814 afwezigheid
1049 1745 1136 1791 en
1185 1721 1276 1790 de
1326 1722 1493 1791 orde
1526 1746 1659 1791 van
1694 1722 1783 1793 de
1817 1722 2205 1816 inwendige

175 1848 408 1918 dienst
464 1870 594 1916 van
653 1845 790 1916 den
847 1845 1140 1938 Hoogen
1202 1845 1400 1915 Raad
1459 1846 1563 1916 als
1626 1869 1755 1915 van
1814 1846 1903 1916 de
1962 1847 2205 1918 Hoven

175 1997 268 2042 en
341 1969 834 2064 Regtbanken)
915 1967 1340 2063 Graphiariis
1407 1971 1905 2064 praescribitur
1980 1983 2206 2042 custo·

177 2097 332 2166 dire
406 2109 558 2166 acta
585 2147 604 2184 ‚
679 2097 966 2187 registra
1038 2106 1109 2163 et
1171 2096 1631 2166 instrumenta
1688 2119 1870 2189 quae
1930 2097 2017 2166 ad
2067 2097 2205 2166 Tri-

180 2219 407 2291 bunal
478 2221 871 2314 pertinent,
947 2231 1018 2288 et
1091 2219 1374 2313 insuper
1447 2243 1527 2288 ea
1586 2221 1811 2290 omnia
1840 2274 1859 2310 ‚
1926 2222 2029 2292 uti
2086 2245 2205 2316 pe-

181 2347 462 2416 cuniam
533 2357 666 2415 etc.
739 2367 918 2438 quae
989 2343 1081 2413 ad
1139 2344 1452 2415 archium
1500 2369 1584 2415 ex
1632 2345 1787 2437 lege
1833 2359 1997 2416 sunt
2046 2369 2206 2417 con·

180 2469 512 2557 ferendaz,
573 2467 664 2539 of.
729 2480 856 2544 art.
909 2465 1000 2538 61
1044 2451 1252 2562 'Legis
1299 2493 1509 2565 supra
1583 2470 1906 2540 laudatae
1930 2524 1950 2562 ‚
2025 2495 2205 2567 quae

178 2595 350 2665 mihi
423 2595 822 2689 frequenter
895 2595 1024 2663 erit
1105 2594 1601 2683 memoranda,
1684 2597 1847 2688 quia
1918 2598 1989 2663 in
2082 2597 2205 2665 illa

176 2722 556 2816 praecipua
617 2719 837 2789 officia
891 2716 1284 2811 Graphiarii
1308 2758 1354 2807 ‚·
1391 2719 1495 2787 uti
1548 2718 1998 2812 depositariae
2055 2743 2206 2813 per-

177 2868 392 2914 sonae
419 2897 439 2933 ,
488 2844 950 2914 inveniuntur.

331 2968 706 3039 Videamus
778 2970 1002 3061 primo
1051 2992 1388 3061 quasnam
1437 2994 1547 3039 res
1604 2968 2047 3064 Graphiarius
2092 2970 2207 3041 de·

177 3094 412 3187 posito
459 3104 734 3182 teneat,
793 3092 953 3165 dein
1001 3093 1174 3186 quid
1219 3094 1290 3162 in
1338 3094 1793 3165 eustodiendo
1842 3097 1903 3164 ei
1948 3097 2037 3165 sit
2088 3095 2208 3167 ob-

179 3217 596 3288 servandum
625 3270 644 3307 ‚
719 3217 1018 3311 denique
1089 3218 1260 3311 quid
1317 3242 1402 3287 ex
1447 3218 1840 3312 negligente
1888 3232 2015 3289 aut
2064 3232 2209 3289 tur-

175 3345 254 3437 pi
333 3341 640 3413 custodia
713 3353 1044 3436 sequatur
1064 3340 1103 3410 ἰ’

331 3468 470 3539 Res
494 3519 514 3556 ‚
563 3491 738 3561 quas
777 3465 1222 3561 Graphiarius
1267 3466 1584 3561 deposito
1630 3478 1821 3537 tenet
1842 3519 1864 3557 ,
1911 3469 1985 3536 in
2033 3467 2209 3539 duas

177 3594 478 3687 specieS,
529 3616 702 3685 quas
739 3602 807 3661 et
857 3591 972 3660 lex
1017 3611 1071 3662 s.
1111 3592 1158 3661 l.
1213 3593 1564 3682 assumsit,
1614 3590 1826 3662 dividi
1872 3604 2161 3685 possunt
2187 3648 2207 3685 ,

173 3740 436 3811 nempe
464 3769 472 3778 -
505 3718 577 3786 in
649 3740 764 3787 eas
822 3740 1002 3810 quae
1048 3718 1397 3810 pertinent
1445 3728 1518 3786 et
1564 3717 1635 3785 in
1682 3739 1796 3786 eas
1840 3728 2021 3811 quae
2068 3743 2209 3790 non

173 3843 532 3938 pertinent
605 3840 693 3910 ad
765 3843 994 3935 ipsum
1067 3840 1399 3911 tribunal.
1520 3841 1711 3912 Haec
1782 3842 2023 3913 divisio
2088 3844 2210 3914 ali·

170 3977 528 4063 quatenus
597 3976 868 4059 spectat
927 3966 1309 4037 dominium
1369 3988 1602 4036 rerum
1654 3966 2204 4057 custoditarum3

171 4116 386 4185 saepe
432 4089 713 4161 difficile
759 4102 863 4161 est
911 4102 1216 4162 statuere
1264 4092 1418 4185 quis
1467 4093 1555 4161 sit
1602 4093 1700 4163 rei
1746 4092 2043 4186 alicujus
2090 4092 2211 4163 do·
