2934 5102
1200 632 1344 705 125

260 845 386 915 tuli
412 873 441 915 :.
500 844 633 914 hac
706 843 1007 913 sectione
1076 864 1421 935 exponere
1470 842 1630 913 volo
1701 844 1928 937 qualis
1991 869 2160 914 cura
2210 848 2282 918 in

258 992 679 1064 unaquaque
725 990 964 1038 earum
1012 968 1241 1060 specie
1286 969 1606 1060 exigatur
1638 970 1964 1055 3maximi
2011 982 2114 1040 est
2139 994 2286 1040 mo·

256 1096 478 1165 menti·
542 1117 654 1164 res
718 1094 1013 1163 civitatis
1061 1092 1241 1163 bene
1291 1092 1624 1163 custodiri
1649 1146 1670 1184 ‚
1747 1096 1912 1188 quia
1943 1069 2098 1165 'illis
2149 1095 2282 1167 lae·

254 1221 339 1289 sis
365 1272 385 1309 ,
436 1220 568 1313 ipsi
616 1219 877 1288 civitati
924 1229 994 1288 et
1041 1219 1255 1310 igitur
1278 1219 1656 1312 unicuique
1678 1218 2064 1289 incolarum
2089 1219 2280 1291 dam·

253 1368 423 1413 num
472 1345 799 1414 exoritur.
900 1343 1173 1436 Species
1228 1341 1413 1413 duae
1457 1344 1718 1435 priores
1767 1346 2121 1415 continent
2169 1369 2278 1415 res

255 1494 435 1563 quae
483 1480 650 1539 sunt
698 1467 1081 1538 dominium
1128 1468 1419 1537 civitatis
1445 1520 1467 1557 ‚
1541 1480 1612 1539 et
1669 1471 1982 1562 quamvis
2029 1468 2164 1540 hac
2212 1471 2285 1539 in

254 1618 328 1665 re
370 1594 781 1664 conveniant
807 1645 828 1682 ‚
878 1605 948 1663 et
995 1614 1231 1663 revera
1279 1591 1522 1662 eadem
1571 1616 1738 1663 cura
1788 1617 1828 1662 a
1856 1593 2285 1687 depositariis

255 1722 321 1789 in
372 1731 670 1811 utraque
717 1719 945 1811 specie
992 1719 1310 1810 exigatur
1333 1770 1355 1807 ,
1428 1717 1622 1811 quod
1688 1717 1865 1787 infra
1911 1717 2236 1789 indicabo
2261 1772 2282 1809 ‚

254 1869 393 1915 non
464 1856 725 1913 temere
773 1856 1006 1913 tamen
1054 1842 1397 1912 affirmare
1450 1842 1621 1912 mihi
1670 1842 1910 1913 videor
1933 1896 1954 1934 ‚
2005 1845 2286 1935 majoris

255 1993 399 2040 esse
468 1969 803 2039 momenti
878 1979 959 2037 ut
1025 1969 1364 2061 pecuniae
1436 1990 1522 2039 ex
1579 1968 2038 2061 vectigalibus
2089 1979 2286 2039 ortae

252 2092 433 2163 bene
496 2091 989 2187 custodiantur
1011 2143 1032 2180 ‚
1108 2115 1324 2185 quam
1393 2093 1680 2184 registra
1751 2102 1823 2161 et
1887 2105 2142 2163 cetera·
2186 2094 2286 2177 in-

252 2227 643 2287 strumenta
717 2238 899 2308 quae
956 2228 1097 2284 non
1146 2216 1505 2285 continent
1553 2213 1974 2285 documenta
2015 2217 2284 2309 jurium

253 2343 505 2412 civium
532 2394 553 2430 ,
622 2338 743 2410 sed
809 2363 937 2433 pro
1006 2341 1268 2431 maj0re
1324 2350 1526 2431 parte
1583 2338 1766 2409 nulli
1825 2340 1942 2409 alii
2001 2340 2286 2411 consilio

250 2466 633 2536 inserviunt
657 2516 678 2554 ‚
762 2487 977 2558 quam
1060 2475 1141 2532 ut
1222 2466 1667 2556 magistratus
1738 2467 1862 2560 qui
1931 2466 2284 2537 dicuntur.

255 2588 1247 2663 Arrondissemeuts-directeurs
1300 2588 1420 2659 der
1475 2589 1790 2660 indirecte
1839 2589 2238 2684 belastinqen
2264 2645 2284 2681 ,

253 2728 323 2788 et
368 2716 785 2810 Inspecteurs
830 2713 951 2784 der
996 2711 1369 2806 reqistratie
1390 2765 1412 2802 ‚
1460 2713 1990 2807 deprehendant
2031 2713 2286 2785 delicta

252 2842 323 2909 in
371 2863 661 2911 munere
734 2835 1035 2930 gerendo
1102 2838 1463 2906 commissa
1517 2835 1667 2931 (esf.
1715 2849 1877 2908 artt.
1929 2837 2024 2908 15
2073 2850 2142 2911 et
2190 2837 2289 2910 16

256 2963 612 3057 Epistolae
667 2960 1103 3055 (circulaire)
1154 2983 1311 3030 ann.
1364 2957 1582 3030 1818.

408 3086 657 3158 Tutela
702 3086 957 3156 horum
1000 3086 1538 3177 magistratuum
1589 3100 1694 3157 est
1739 3089 1994 3181 partim
2021 3091 2289 3160 univer·

172 3269 177 3275 .
254 3213 412 3283 salis
460 3234 649 3306 quae
695 3221 1107 3304 perpetuam
1156 3212 1446 3304 requirit
1495 3235 1736 3281 curam
1763 3264 1784 3301 ‚
1835 3214 2088 3305 partim
2136 3238 2290 3307 par-

252 3337 563 3408 ticularis
612 3357 795 3429 quae
865 3335 1159 3426 requirit
1224 3334 1722 3428 inspectionem
1774 3335 2118 3430 (qrondiqe
2163 3361 2289 3408 na·-

250 3460 547 3554 zieninq)
622 3457 1049 3552 generalem,
1132 3469 1224 3533 et,
1288 3459 1880 3550 computationem
1968 3463 2287 3552 pecunia-

250 3609 411 3656 rum
475 3580 1059 3678 (kas-opneminq).
1180 3581 1409 3672 Magni
1455 3594 1562 3652 est
1636 3584 1969 3652 momenti
2020 3609 2289 3656 conser-

253 3709 437 3779 vatio
508 3708 1127 3776 instrumentorum
1154 3756 1175 3792 ‚
1248 3728 1465 3798 quare
1539 3717 1913 3800 praecepta
1988 3707 2078 3778 de
2135 3709 2286 3780 dili-

253 3845 459 3926 gente
529 3831 843 3904 custodia
918 3831 1081 3900 satis
1150 3829 1397 3901 crebro
1466 3831 1538 3900 in
1609 3830 1847 3902 codice
1909 3832 2288 3926 legunturz,

249 3959 675 4052 praecipitur
758 3957 941 4026 enim
1024 3956 1544 4048 magistratibus
1633 3968 1711 4027 ut
1783 3958 1956 4030 tales
2029 3960 2288 4054 eligant

250 4082 456 4154 aedes
484 4135 505 4172 ‚
579 4105 759 4177 quae
834 4079 1163 4150 idoneum
1231 4081 1467 4152 locum
1542 4081 1897 4153 custodiae
1951 4084 2286 4176 praebere
