2934 5102
1575 619 1722 692 156

1577 832 1724 903 xv.
1780 937 1789 943 ι

783 1013 1009 1084 Minus
1080 1026 1269 1086 recte
1338 1039 1822 1103 navmconnr,
1897 1013 2137 1112 (thes
2210 1028 2292 1086 et.
2347 1014 2672 1108 Explica-

639 1137 855 1236 tions)
931 1139 1362 1210 Tabelliones
1442 1151 1857 1210 memoratos
1940 1142 2009 1210 in
2093 1145 2233 1210 art0
2315 1137 2460 1210 585
2527 1140 2670 1210 sub

641 1261 761 1353 7⁰,
836 1264 1003 1334 Cocl.
1076 1264 1165 1334 de
1237 1265 1451 1336 meth.
1529 1289 1720 1359 proc.
1778 1267 1850 1334 in
1905 1265 1982 1335 C.
2042 1265 2117 1336 C.
2176 1277 2419 1335 vocat:
2473 1265 2673 1335 «De-

642 1415 673 1454 «
700 1390 1055 1482 positaires
1125 1391 1538 1459 necessaires
1633 1390 2010 1482 puisqu’on
2081 1412 2169 1459 ne
2250 1401 2422 1482 peut
2507 1412 2671 1458 con-

642 1538 672 1578 «
702 1513 928 1604 signet·
997 1512 1348 1584 ailleurS.»

1562 1695 1747 1766 XVI.

786 1873 937 1944 Aut
1022 1887 1150 1944 art.
1232 1873 1375 1948 175
1452 1876 1519 1945 al
1604 1875 1686 1966 Ι,
1771 1886 1894 1946 aut
1975 1888 2103 1945 art.
2185 1873 2330 1945 255
2404 1875 2495 1945 al.
2569 1873 2674 1967 2,

640 1998 1000 2069 abundare
1073 2000 1370 2071 videtur.

1546 2181 1772 2252 XVII.

787 2359 1059 2429 Crimen
1145 2359 1491 2454 parricidii
1574 2373 1745 2429 tune
1809 2359 2093 2430 demum
2161 2362 2627 2476 committittgr
2651 2417 2674 2454 ‚

642 2484 923 2581 quando
994 2508 1153 2557 reus
1223 2485 1497 2556 sciverit
1517 2538 1536 2574 ‚
1611 2509 1685 2556 se
1758 2485 2070 2557 occidere
2140 2498 2484 2581 parentes.

1521 2693 1785 2765 XVIII.

790 2874 908 2945 Ad
980 2875 1477 2968 agriculturam
1537 2874 2079 2969 promovendam
2105 2879 2406 2961 ,omnino
2456 2877 2627 2947 facit
2653 2933 2676 2969 ‚

643 3013 724 3070 ut
797 3002 870 3070 in
940 3000 1226 3093 longum
1301 3011 1578 3094 tempus
1649 2998 1929 3093 praedia
2006 3000 2349 3072 locentur.

1566 3207 1747 3277 XIX.

790 3388 973 3459 Vere
1044 3412 1315 3458 msrur
1384 3385 1744 3485 (Gratuite
1815 3388 1916 3459 du
1987 3388 2297 3483 Credit):
2379 3416 2412 3459 «
2442 3390 2680 3462 Avan-

647 3542 679 3585 «
710 3538 825 3587 cer
910 3538 1006 3584 un
1090 3512 1347 3607 capital
1428 3515 1493 3583 e'
1519 3525 1623 3583 est
1707 3512 1956 3583 rendre
2041 3538 2138 3583 un
2219 3516 2478 3586 service
2550 3520 2679 3611 qui

646 3642 939 3711 «donne
1010 3638 1193 3709 droit
1262 3663 1302 3709 a
1374 3661 1473 3707 un
1547 3640 1808 3708 service
1905 3639 2300 3733 equivalent
2327 3693 2347 3729 ,
2433 3641 2681 3737 lequel

647 3777 813 3836 «est
888 3763 1314 3859 suseeptible
1388 3763 1460 3831 d’
1490 3763 1928 3855 evaluation‚
2007 3776 2078 3835 et
2149 3768 2208 3833 s'
2236 3764 2516 3860 appelle
2578 3769 2687 3837 in·

648 3918 678 3961 «
710 3892 909 3961 teret.
