<?xml version="1.0" encoding="UTF-8"?>
<!DOCTYPE html PUBLIC "-//W3C//DTD XHTML 1.0 Transitional//EN"
    "http://www.w3.org/TR/xhtml1/DTD/xhtml1-transitional.dtd">
<html xmlns="http://www.w3.org/1999/xhtml" xml:lang="en" lang="en">
 <head>
  <title>
</title>
<meta http-equiv="Content-Type" content="text/html;charset=utf-8" />
  <meta name='ocr-system' content='tesseract 3.04.00' />
  <meta name='ocr-capabilities' content='ocr_page ocr_carea ocr_par ocr_line ocrx_word'/>
</head>
<body>
  <div class='ocr_page' id='page_1' title='image "./dissertatiojuri00enscgoog_0063.png"; bbox 0 0 2934 5102; ppageno 0'>
   <div class='ocr_carea' id='block_1_1' title="bbox 1072 639 1170 712">
    <p class='ocr_par' dir='ltr' id='par_1_1' title="bbox 1072 639 1170 712">
     <span class='ocr_line' id='line_1_1' title="bbox 1072 639 1170 712; baseline -0.01 0"><span class='ocrx_word' id='word_1_1' title='bbox 1072 639 1170 712; x_wconf 79' lang='lat'><strong>49</strong></span> 
     </span>
    </p>
   </div>
   <div class='ocr_carea' id='block_1_2' title="bbox 107 845 2131 3051">
    <p class='ocr_par' dir='ltr' id='par_1_2' title="bbox 107 845 2131 1563">
     <span class='ocr_line' id='line_1_2' title="bbox 117 845 2131 940; baseline -0 -23"><span class='ocrx_word' id='word_1_2' title='bbox 117 873 181 919; x_wconf 87' lang='lat' dir='ltr'><strong>se</strong></span> <span class='ocrx_word' id='word_1_3' title='bbox 201 902 221 939; x_wconf 84' lang='lat'>,</span> <span class='ocrx_word' id='word_1_4' title='bbox 292 847 614 917; x_wconf 80' lang='lat' dir='ltr'><strong>videtur:</strong></span> <span class='ocrx_word' id='word_1_5' title='bbox 689 857 1024 917; x_wconf 84' lang='lat' dir='ltr'><strong>vocantur</strong></span> <span class='ocrx_word' id='word_1_6' title='bbox 1091 848 1274 918; x_wconf 89' lang='lat' dir='ltr'><strong>enim</strong></span> <span class='ocrx_word' id='word_1_7' title='bbox 1345 845 1537 940; x_wconf 89' lang='lat' dir='ltr'><strong>apud</strong></span> <span class='ocrx_word' id='word_1_8' title='bbox 1578 865 1717 916; x_wconf 75' lang='lat' dir='ltr'><strong>‘nos</strong></span> <span class='ocrx_word' id='word_1_9' title='bbox 1794 873 1825 915; x_wconf 90' lang='lat'>«</span> <span class='ocrx_word' id='word_1_10' title='bbox 1856 845 2131 918; x_wconf 83' lang='lat' dir='ltr'><strong>bewaar-</strong></span> 
     </span>
     <span class='ocr_line' id='line_1_3' title="bbox 119 969 2129 1065; baseline 0.001 -25"><span class='ocrx_word' id='word_1_11' title='bbox 119 973 374 1043; x_wconf 77' lang='lat' dir='ltr'><strong>«ders»</strong></span> <span class='ocrx_word' id='word_1_12' title='bbox 461 994 642 1065; x_wconf 89' lang='lat' dir='ltr'><strong>quae</strong></span> <span class='ocrx_word' id='word_1_13' title='bbox 716 970 1092 1065; x_wconf 81' lang='lat' dir='ltr'>appellatio</span> <span class='ocrx_word' id='word_1_14' title='bbox 1159 969 1414 1064; x_wconf 88' lang='lat' dir='ltr'><strong>probat</strong></span> <span class='ocrx_word' id='word_1_15' title='bbox 1438 1023 1458 1060; x_wconf 86' lang='lat'>‚</span> <span class='ocrx_word' id='word_1_16' title='bbox 1547 971 1654 1040; x_wconf 91' lang='lat' dir='ltr'><strong>his</strong></span> <span class='ocrx_word' id='word_1_17' title='bbox 1724 974 2129 1064; x_wconf 82' lang='lat' dir='ltr'><strong>magistrati-</strong></span> 
     </span>
     <span class='ocr_line' id='line_1_4' title="bbox 115 1096 2125 1191; baseline -0 -24"><span class='ocrx_word' id='word_1_18' title='bbox 115 1097 238 1167; x_wconf 88' lang='lat' dir='ltr'><strong>bus</strong></span> <span class='ocrx_word' id='word_1_19' title='bbox 310 1096 710 1191; x_wconf 84' lang='lat' dir='ltr'><strong>depositarii</strong></span> <span class='ocrx_word' id='word_1_20' title='bbox 776 1119 1032 1165; x_wconf 89' lang='lat' dir='ltr'><strong>munus</strong></span> <span class='ocrx_word' id='word_1_21' title='bbox 1055 1148 1075 1185; x_wconf 83' lang='lat'>‚</span> <span class='ocrx_word' id='word_1_22' title='bbox 1149 1096 1373 1189; x_wconf 87' lang='lat' dir='ltr'><strong>primo</strong></span> <span class='ocrx_word' id='word_1_23' title='bbox 1447 1096 1602 1166; x_wconf 93' lang='lat' dir='ltr'><strong>loco</strong></span> <span class='ocrx_word' id='word_1_24' title='bbox 1675 1097 2125 1168; x_wconf 86' lang='lat' dir='ltr'><strong>tribuendum</strong></span> 
     </span>
     <span class='ocr_line' id='line_1_5' title="bbox 116 1219 2128 1314; baseline 0 -24"><span class='ocrx_word' id='word_1_25' title='bbox 116 1246 268 1291; x_wconf 89' lang='lat' dir='ltr'><strong>esse.</strong></span> <span class='ocrx_word' id='word_1_26' title='bbox 393 1223 695 1314; x_wconf 85' lang='lat' dir='ltr'><strong>Insuper</strong></span> <span class='ocrx_word' id='word_1_27' title='bbox 773 1219 930 1290; x_wconf 90' lang='lat' dir='ltr'>finis</span> <span class='ocrx_word' id='word_1_28' title='bbox 1009 1243 1224 1313; x_wconf 89' lang='lat' dir='ltr'><strong>quare</strong></span> <span class='ocrx_word' id='word_1_29' title='bbox 1305 1223 1587 1313; x_wconf 78' lang='lat' dir='ltr'><strong>registra</strong></span> <span class='ocrx_word' id='word_1_30' title='bbox 1674 1233 1804 1291; x_wconf 86' lang='lat' dir='ltr'><strong>etc.</strong></span> <span class='ocrx_word' id='word_1_31' title='bbox 1834 1273 1855 1310; x_wconf 86' lang='lat'>‚</span> <span class='ocrx_word' id='word_1_32' title='bbox 1896 1220 2128 1314; x_wconf 76' lang='lat' dir='ltr'><strong>&#39;apud</strong></span> 
     </span>
     <span class='ocr_line' id='line_1_6' title="bbox 115 1343 2125 1440; baseline -0 -25"><span class='ocrx_word' id='word_1_33' title='bbox 115 1343 596 1440; x_wconf 81' lang='lat' dir='ltr'><strong>Graphiarium</strong></span> <span class='ocrx_word' id='word_1_34' title='bbox 669 1344 980 1437; x_wconf 87' lang='lat' dir='ltr'><strong>deposito</strong></span> <span class='ocrx_word' id='word_1_35' title='bbox 1036 1343 1523 1436; x_wconf 85' lang='lat' dir='ltr'><strong>relinquantur</strong></span> <span class='ocrx_word' id='word_1_36' title='bbox 1549 1397 1569 1433; x_wconf 86' lang='lat'>‚</span> <span class='ocrx_word' id='word_1_37' title='bbox 1630 1359 1732 1414; x_wconf 90' lang='lat' dir='ltr'><strong>est</strong></span> <span class='ocrx_word' id='word_1_38' title='bbox 1789 1368 1917 1438; x_wconf 85' lang='lat' dir='ltr'><strong>pro</strong></span> <span class='ocrx_word' id='word_1_39' title='bbox 1986 1369 2125 1414; x_wconf 86' lang='lat' dir='ltr'><strong>ma·</strong></span> 
     </span>
     <span class='ocr_line' id='line_1_7' title="bbox 107 1457 1885 1563; baseline -0.002 -24"><span class='ocrx_word' id='word_1_40' title='bbox 107 1472 250 1560; x_wconf 85' lang='lat' dir='ltr'><strong>jore</strong></span> <span class='ocrx_word' id='word_1_41' title='bbox 321 1482 524 1563; x_wconf 87' lang='lat' dir='ltr'><strong>parte</strong></span> <span class='ocrx_word' id='word_1_42' title='bbox 598 1482 679 1537; x_wconf 92' lang='lat' dir='ltr'><strong>ut</strong></span> <span class='ocrx_word' id='word_1_43' title='bbox 751 1469 929 1537; x_wconf 89' lang='lat' dir='ltr'><strong>bene</strong></span> <span class='ocrx_word' id='word_1_44' title='bbox 1004 1467 1506 1537; x_wconf 84' lang='lat' dir='ltr'><strong>custodiantur.</strong></span> <span class='ocrx_word' id='word_1_45' title='bbox 1794 1457 1799 1462; x_wconf 40' lang='lat'>⁸</span> <span class='ocrx_word' id='word_1_46' title='bbox 1880 1465 1885 1472; x_wconf 71' lang='grc'><em>’</em></span> 
     </span>
    </p>

    <p class='ocr_par' dir='ltr' id='par_1_3' title="bbox 109 1591 2123 3051">
     <span class='ocr_line' id='line_1_8' title="bbox 248 1591 2121 1664; baseline 0 -2"><span class='ocrx_word' id='word_1_47' title='bbox 248 1595 632 1664; x_wconf 88' lang='lat' dir='ltr'><strong>Discrimen</strong></span> <span class='ocrx_word' id='word_1_48' title='bbox 735 1603 838 1662; x_wconf 88' lang='lat' dir='ltr'><strong>cst</strong></span> <span class='ocrx_word' id='word_1_49' title='bbox 942 1593 1120 1661; x_wconf 86' lang='lat' dir='ltr'><strong>inter</strong></span> <span class='ocrx_word' id='word_1_50' title='bbox 1228 1593 1441 1660; x_wconf 82' lang='lat' dir='ltr'><strong>varias</strong></span> <span class='ocrx_word' id='word_1_51' title='bbox 1529 1613 1639 1660; x_wconf 85' lang='lat' dir='ltr'><strong>res</strong></span> <span class='ocrx_word' id='word_1_52' title='bbox 1731 1594 1801 1660; x_wconf 93' lang='lat' dir='ltr'><strong>in</strong></span> <span class='ocrx_word' id='word_1_53' title='bbox 1890 1591 2121 1662; x_wconf 86' lang='lat' dir='ltr'><strong>archio</strong></span> 
     </span>
     <span class='ocr_line' id='line_1_9' title="bbox 114 1715 2123 1811; baseline 0.001 -27"><span class='ocrx_word' id='word_1_54' title='bbox 114 1717 448 1811; x_wconf 84' lang='lat' dir='ltr'><strong>depositas</strong></span> <span class='ocrx_word' id='word_1_55' title='bbox 474 1770 494 1807; x_wconf 83' lang='lat'>,</span> <span class='ocrx_word' id='word_1_56' title='bbox 568 1718 622 1786; x_wconf 89' lang='lat' dir='ltr'><strong>si</strong></span> <span class='ocrx_word' id='word_1_57' title='bbox 697 1727 1053 1808; x_wconf 88' lang='lat' dir='ltr'><strong>spectatur</strong></span> <span class='ocrx_word' id='word_1_58' title='bbox 1125 1739 1362 1784; x_wconf 87' lang='lat' dir='ltr'><strong>earum</strong></span> <span class='ocrx_word' id='word_1_59' title='bbox 1422 1739 1505 1784; x_wconf 87' lang='lat' dir='ltr'><strong>ex</strong></span> <span class='ocrx_word' id='word_1_60' title='bbox 1564 1715 1797 1785; x_wconf 88' lang='lat' dir='ltr'><strong>archio</strong></span> <span class='ocrx_word' id='word_1_61' title='bbox 1865 1715 2123 1786; x_wconf 85' lang='lat' dir='ltr'><strong>deduc·</strong></span> 
     </span>
     <span class='ocr_line' id='line_1_10' title="bbox 115 1838 2122 1934; baseline 0 -26"><span class='ocrx_word' id='word_1_62' title='bbox 115 1843 246 1927; x_wconf 77' lang='lat' dir='ltr'><strong>tioz,</strong></span> <span class='ocrx_word' id='word_1_63' title='bbox 317 1853 484 1911; x_wconf 86' lang='lat' dir='ltr'><strong>sunt</strong></span> <span class='ocrx_word' id='word_1_64' title='bbox 553 1841 736 1910; x_wconf 92' lang='lat' dir='ltr'><strong>enim</strong></span> <span class='ocrx_word' id='word_1_65' title='bbox 808 1864 918 1909; x_wconf 91' lang='lat' dir='ltr'><strong>res</strong></span> <span class='ocrx_word' id='word_1_66' title='bbox 942 1893 965 1929; x_wconf 83' lang='lat'>‚</span> <span class='ocrx_word' id='word_1_67' title='bbox 1037 1863 1216 1934; x_wconf 88' lang='lat' dir='ltr'><strong>quae</strong></span> <span class='ocrx_word' id='word_1_68' title='bbox 1274 1838 1433 1909; x_wconf 90' lang='lat' dir='ltr'><strong>inde</strong></span> <span class='ocrx_word' id='word_1_69' title='bbox 1507 1838 1757 1908; x_wconf 88' lang='lat' dir='ltr'><strong>deferri</strong></span> <span class='ocrx_word' id='word_1_70' title='bbox 1829 1851 2122 1934; x_wconf 85' lang='lat' dir='ltr'><strong>possunt</strong></span> 
     </span>
     <span class='ocr_line' id='line_1_11' title="bbox 111 1963 2119 2059; baseline -0 -26"><span class='ocrx_word' id='word_1_71' title='bbox 111 1977 176 2033; x_wconf 87' lang='lat' dir='ltr'><strong>et</strong></span> <span class='ocrx_word' id='word_1_72' title='bbox 245 1987 420 2059; x_wconf 87' lang='lat' dir='ltr'><strong>quas</strong></span> <span class='ocrx_word' id='word_1_73' title='bbox 492 1964 652 2033; x_wconf 91' lang='lat' dir='ltr'><strong>inde</strong></span> <span class='ocrx_word' id='word_1_74' title='bbox 724 1963 992 2034; x_wconf 87' lang='lat' dir='ltr'><strong>deferre</strong></span> <span class='ocrx_word' id='word_1_75' title='bbox 1058 1987 1199 2032; x_wconf 91' lang='lat' dir='ltr'><strong>non</strong></span> <span class='ocrx_word' id='word_1_76' title='bbox 1272 1963 1455 2034; x_wconf 84' lang='lat' dir='ltr'><strong>licet.</strong></span> <span class='ocrx_word' id='word_1_77' title='bbox 1566 1964 1703 2034; x_wconf 89' lang='lat' dir='ltr'><strong>Res</strong></span> <span class='ocrx_word' id='word_1_78' title='bbox 1775 1988 1949 2057; x_wconf 87' lang='lat' dir='ltr'><strong>quas</strong></span> <span class='ocrx_word' id='word_1_79' title='bbox 2022 1966 2119 2032; x_wconf 89' lang='lat' dir='ltr'><strong>in-</strong></span> 
     </span>
     <span class='ocr_line' id='line_1_12' title="bbox 110 2086 2119 2181; baseline 0.002 -27"><span class='ocrx_word' id='word_1_80' title='bbox 110 2087 192 2156; x_wconf 93' lang='lat' dir='ltr'><strong>de</strong></span> <span class='ocrx_word' id='word_1_81' title='bbox 263 2089 531 2159; x_wconf 86' lang='lat' dir='ltr'><strong>deferre</strong></span> <span class='ocrx_word' id='word_1_82' title='bbox 603 2087 768 2159; x_wconf 88' lang='lat' dir='ltr'><strong>licet</strong></span> <span class='ocrx_word' id='word_1_83' title='bbox 790 2141 810 2177; x_wconf 87' lang='lat'>‚</span> <span class='ocrx_word' id='word_1_84' title='bbox 887 2086 1291 2156; x_wconf 84' lang='lat' dir='ltr'><strong>dividuntur</strong></span> <span class='ocrx_word' id='word_1_85' title='bbox 1382 2088 1453 2156; x_wconf 93' lang='lat' dir='ltr'><strong>in</strong></span> <span class='ocrx_word' id='word_1_86' title='bbox 1546 2111 1660 2157; x_wconf 88' lang='lat' dir='ltr'><strong>eas</strong></span> <span class='ocrx_word' id='word_1_87' title='bbox 1741 2111 1921 2181; x_wconf 89' lang='lat' dir='ltr'><strong>quae</strong></span> <span class='ocrx_word' id='word_1_88' title='bbox 2004 2087 2119 2158; x_wconf 91' lang='lat' dir='ltr'><strong>de-</strong></span> 
     </span>
     <span class='ocr_line' id='line_1_13' title="bbox 109 2209 2120 2310; baseline 0.001 -31"><span class='ocrx_word' id='word_1_89' title='bbox 109 2212 266 2281; x_wconf 83' lang='lat' dir='ltr'><strong>ferri</strong></span> <span class='ocrx_word' id='word_1_90' title='bbox 331 2223 623 2306; x_wconf 84' lang='lat' dir='ltr'><strong>possunt</strong></span> <span class='ocrx_word' id='word_1_91' title='bbox 697 2223 889 2282; x_wconf 88' lang='lat' dir='ltr'><strong>extra</strong></span> <span class='ocrx_word' id='word_1_92' title='bbox 962 2211 1164 2281; x_wconf 91' lang='lat' dir='ltr'><strong>aedes</strong></span> <span class='ocrx_word' id='word_1_93' title='bbox 1239 2211 1603 2280; x_wconf 87' lang='lat' dir='ltr'><strong>tribunalis</strong></span> <span class='ocrx_word' id='word_1_94' title='bbox 1674 2209 1835 2310; x_wconf 84' lang='lat'>(1),</span> <span class='ocrx_word' id='word_1_95' title='bbox 1906 2227 1975 2282; x_wconf 88' lang='lat' dir='ltr'><strong>et</strong></span> <span class='ocrx_word' id='word_1_96' title='bbox 2047 2215 2120 2282; x_wconf 88' lang='lat' dir='ltr'><strong>in</strong></span> 
     </span>
     <span class='ocr_line' id='line_1_14' title="bbox 111 2334 2117 2432; baseline 0.001 -28"><span class='ocrx_word' id='word_1_97' title='bbox 111 2359 219 2404; x_wconf 91' lang='lat' dir='ltr'><strong>eas</strong></span> <span class='ocrx_word' id='word_1_98' title='bbox 293 2360 470 2428; x_wconf 86' lang='lat' dir='ltr'><strong>quae</strong></span> <span class='ocrx_word' id='word_1_99' title='bbox 540 2359 622 2406; x_wconf 87' lang='lat' dir='ltr'><strong>ex</strong></span> <span class='ocrx_word' id='word_1_100' title='bbox 697 2335 928 2406; x_wconf 89' lang='lat' dir='ltr'><strong>archio</strong></span> <span class='ocrx_word' id='word_1_101' title='bbox 1001 2334 1448 2405; x_wconf 76' lang='lat' dir='ltr'><strong>deducendae</strong></span> <span class='ocrx_word' id='word_1_102' title='bbox 1515 2349 1719 2427; x_wconf 83' lang='lat' dir='ltr'><strong>sunt,</strong></span> <span class='ocrx_word' id='word_1_103' title='bbox 1774 2337 1894 2407; x_wconf 88' lang='lat' dir='ltr'><strong>sed</strong></span> <span class='ocrx_word' id='word_1_104' title='bbox 1944 2361 2117 2432; x_wconf 88' lang='lat' dir='ltr'><strong>quas</strong></span> 
     </span>
     <span class='ocr_line' id='line_1_15' title="bbox 109 2458 2117 2558; baseline 0.001 -30"><span class='ocrx_word' id='word_1_105' title='bbox 109 2470 302 2528; x_wconf 85' lang='lat' dir='ltr'><strong>extra</strong></span> <span class='ocrx_word' id='word_1_106' title='bbox 399 2459 594 2529; x_wconf 88' lang='lat' dir='ltr'><strong>aedes</strong></span> <span class='ocrx_word' id='word_1_107' title='bbox 686 2458 1050 2553; x_wconf 86' lang='lat' dir='ltr'><strong>deportare</strong></span> <span class='ocrx_word' id='word_1_108' title='bbox 1123 2482 1263 2528; x_wconf 95' lang='lat' dir='ltr'><strong>non</strong></span> <span class='ocrx_word' id='word_1_109' title='bbox 1337 2460 1503 2530; x_wconf 81' lang='lat' dir='ltr'><strong>licet</strong></span> <span class='ocrx_word' id='word_1_110' title='bbox 1578 2458 1714 2558; x_wconf 76' lang='lat'>(2).</span> <span class='ocrx_word' id='word_1_111' title='bbox 1837 2459 2117 2554; x_wconf 84' lang='lat' dir='ltr'><strong>Quaeri-</strong></span> 
     </span>
     <span class='ocr_line' id='line_1_16' title="bbox 109 2583 2119 2677; baseline 0.001 -26"><span class='ocrx_word' id='word_1_112' title='bbox 109 2596 266 2673; x_wconf 82' lang='lat' dir='ltr'><strong>tur,</strong></span> <span class='ocrx_word' id='word_1_113' title='bbox 336 2595 571 2654; x_wconf 85' lang='lat' dir='ltr'><strong>utrum</strong></span> <span class='ocrx_word' id='word_1_114' title='bbox 652 2584 914 2676; x_wconf 87' lang='lat' dir='ltr'><strong>possint</strong></span> <span class='ocrx_word' id='word_1_115' title='bbox 986 2606 1092 2653; x_wconf 91' lang='lat' dir='ltr'><strong>res</strong></span> <span class='ocrx_word' id='word_1_116' title='bbox 1167 2583 1256 2653; x_wconf 90' lang='lat' dir='ltr'><strong>de</strong></span> <span class='ocrx_word' id='word_1_117' title='bbox 1312 2584 1569 2677; x_wconf 70' lang='lat' dir='ltr'><strong>qnibus</strong></span> <span class='ocrx_word' id='word_1_118' title='bbox 1641 2587 1712 2653; x_wconf 91' lang='lat' dir='ltr'><strong>in</strong></span> <span class='ocrx_word' id='word_1_119' title='bbox 1784 2586 1889 2654; x_wconf 91' lang='lat' dir='ltr'><strong>his</strong></span> <span class='ocrx_word' id='word_1_120' title='bbox 1963 2588 2119 2653; x_wconf 87' lang='lat' dir='ltr'><strong>arti·</strong></span> 
     </span>
     <span class='ocr_line' id='line_1_17' title="bbox 110 2706 2117 2802; baseline 0 -27"><span class='ocrx_word' id='word_1_121' title='bbox 110 2707 278 2777; x_wconf 90' lang='lat' dir='ltr'><strong>culis</strong></span> <span class='ocrx_word' id='word_1_122' title='bbox 375 2730 516 2777; x_wconf 93' lang='lat' dir='ltr'><strong>non</strong></span> <span class='ocrx_word' id='word_1_123' title='bbox 610 2709 838 2798; x_wconf 83' lang='lat' dir='ltr'><strong>agitur</strong></span> <span class='ocrx_word' id='word_1_124' title='bbox 916 2731 998 2777; x_wconf 84' lang='lat' dir='ltr'><strong>ex</strong></span> <span class='ocrx_word' id='word_1_125' title='bbox 1081 2706 1314 2777; x_wconf 90' lang='lat' dir='ltr'><strong>archio</strong></span> <span class='ocrx_word' id='word_1_126' title='bbox 1392 2708 1541 2800; x_wconf 90' lang='lat' dir='ltr'><strong>ipso</strong></span> <span class='ocrx_word' id='word_1_127' title='bbox 1623 2710 2117 2802; x_wconf 84' lang='lat' dir='ltr'><strong>transportari,</strong></span> 
     </span>
     <span class='ocr_line' id='line_1_18' title="bbox 109 2829 2118 2924; baseline 0.001 -25"><span class='ocrx_word' id='word_1_128' title='bbox 109 2856 228 2901; x_wconf 88' lang='lat' dir='ltr'><strong>nec</strong></span> <span class='ocrx_word' id='word_1_129' title='bbox 330 2856 422 2901; x_wconf 93' lang='lat' dir='ltr'><strong>ne</strong></span> <span class='ocrx_word' id='word_1_130' title='bbox 446 2829 486 2899; x_wconf 69' lang='grc' dir='ltr'><strong>ἐ’</strong></span> <span class='ocrx_word' id='word_1_131' title='bbox 629 2830 762 2899; x_wconf 88' lang='lat' dir='ltr'><strong>Sed</strong></span> <span class='ocrx_word' id='word_1_132' title='bbox 865 2831 1045 2901; x_wconf 88' lang='lat' dir='ltr'><strong>hanc</strong></span> <span class='ocrx_word' id='word_1_133' title='bbox 1160 2833 1634 2924; x_wconf 86' lang='lat' dir='ltr'><strong>quaestionem</strong></span> <span class='ocrx_word' id='word_1_134' title='bbox 1756 2832 2118 2903; x_wconf 90' lang='lat' dir='ltr'><strong>commode</strong></span> 
     </span>
     <span class='ocr_line' id='line_1_19' title="bbox 109 2956 1481 3051; baseline -0.001 -26"><span class='ocrx_word' id='word_1_135' title='bbox 109 2956 558 3027; x_wconf 82' lang='lat' dir='ltr'><strong>tractabimus</strong></span> <span class='ocrx_word' id='word_1_136' title='bbox 627 2956 1058 3051; x_wconf 80' lang='lat' dir='ltr'><strong>paragrapho</strong></span> <span class='ocrx_word' id='word_1_137' title='bbox 1127 2968 1481 3049; x_wconf 85' lang='lat' dir='ltr'><strong>sequente.</strong></span> 
     </span>
    </p>
   </div>
   <div class='ocr_carea' id='block_1_3' title="bbox 1032 3202 1192 3299">
    <p class='ocr_par' dir='ltr' id='par_1_4' title="bbox 1032 3202 1192 3299">
     <span class='ocr_line' id='line_1_20' title="bbox 1032 3202 1192 3299; baseline -0.006 -26"><span class='ocrx_word' id='word_1_138' title='bbox 1032 3202 1192 3299; x_wconf 79' lang='lat'><strong>§5-</strong></span> 
     </span>
    </p>
   </div>
   <div class='ocr_carea' id='block_1_4' title="bbox 105 3448 2119 3671">
    <p class='ocr_par' dir='ltr' id='par_1_5' title="bbox 105 3448 2119 3671">
     <span class='ocr_line' id='line_1_21' title="bbox 239 3448 2119 3525; baseline -0.001 0"><span class='ocrx_word' id='word_1_139' title='bbox 239 3456 384 3525; x_wconf 88' lang='lat' dir='ltr'><strong>Res</strong></span> <span class='ocrx_word' id='word_1_140' title='bbox 455 3455 526 3522; x_wconf 91' lang='lat' dir='ltr'><strong>in</strong></span> <span class='ocrx_word' id='word_1_141' title='bbox 599 3450 737 3521; x_wconf 83' lang='lat' dir='ltr'><strong>art⁰</strong></span> <span class='ocrx_word' id='word_1_142' title='bbox 810 3448 906 3521; x_wconf 82' lang='lat'><strong>65</strong></span> <span class='ocrx_word' id='word_1_143' title='bbox 970 3477 1023 3522; x_wconf 90' lang='lat' dir='ltr'><strong>s.</strong></span> <span class='ocrx_word' id='word_1_144' title='bbox 1086 3453 1134 3521; x_wconf 93' lang='lat' dir='ltr'><strong>l.</strong></span> <span class='ocrx_word' id='word_1_145' title='bbox 1195 3464 1614 3522; x_wconf 84' lang='lat' dir='ltr'><strong>memoratae</strong></span> <span class='ocrx_word' id='word_1_146' title='bbox 1671 3464 1836 3522; x_wconf 87' lang='lat' dir='ltr'><strong>sunt</strong></span> <span class='ocrx_word' id='word_1_147' title='bbox 1909 3453 2119 3523; x_wconf 82' lang='lat' dir='ltr'><strong>«Pro-</strong></span> 
     </span>
     <span class='ocr_line' id='line_1_22' title="bbox 105 3574 2119 3671; baseline -0.001 -25"><span class='ocrx_word' id='word_1_148' title='bbox 105 3605 134 3647; x_wconf 90' lang='lat'>«</span> <span class='ocrx_word' id='word_1_149' title='bbox 160 3578 546 3651; x_wconf 71' lang='lat' dir='ltr'><strong>cesstukken</strong></span> <span class='ocrx_word' id='word_1_150' title='bbox 615 3585 714 3647; x_wconf 83' lang='lat' dir='ltr'><strong>ter</strong></span> <span class='ocrx_word' id='word_1_151' title='bbox 795 3574 1036 3669; x_wconf 65' lang='lat' dir='ltr'><strong>Griffie</strong></span> <span class='ocrx_word' id='word_1_152' title='bbox 1091 3575 1531 3649; x_wconf 68' lang='lat' dir='ltr'><strong>berastende.»</strong></span> <span class='ocrx_word' id='word_1_153' title='bbox 1656 3576 1922 3671; x_wconf 82' lang='lat' dir='ltr'><strong>Singuli</strong></span> <span class='ocrx_word' id='word_1_154' title='bbox 1980 3577 2119 3647; x_wconf 84' lang='lat' dir='ltr'><strong>col-</strong></span> 
     </span>
    </p>
   </div>
   <div class='ocr_carea' id='block_1_5' title="bbox 215 3901 2119 3985">
    <p class='ocr_par' dir='ltr' id='par_1_6' title="bbox 215 3901 2119 3985">
     <span class='ocr_line' id='line_1_23' title="bbox 215 3901 2119 3985; baseline -0.003 -20"><span class='ocrx_word' id='word_1_155' title='bbox 215 3907 308 3985; x_wconf 89' lang='lat'><strong>(1)</strong></span> <span class='ocrx_word' id='word_1_156' title='bbox 373 3905 461 3963; x_wconf 86' lang='lat' dir='ltr'><strong>Cf.</strong></span> <span class='ocrx_word' id='word_1_157' title='bbox 509 3912 614 3962; x_wconf 83' lang='lat' dir='ltr'><strong>art.</strong></span> <span class='ocrx_word' id='word_1_158' title='bbox 667 3906 742 3961; x_wconf 88' lang='grc'><strong>63</strong></span> <span class='ocrx_word' id='word_1_159' title='bbox 793 3904 902 3961; x_wconf 89' lang='lat' dir='ltr'><strong>sub</strong></span> <span class='ocrx_word' id='word_1_160' title='bbox 969 3902 1032 3959; x_wconf 87' lang='lat'><strong>10</strong></span> <span class='ocrx_word' id='word_1_161' title='bbox 1089 3901 1266 3979; x_wconf 83' lang='lat' dir='ltr'><strong>Legis</strong></span> <span class='ocrx_word' id='word_1_162' title='bbox 1333 3901 1701 3981; x_wconf 81' lang='lat' dir='ltr'><strong>(Reglement</strong></span> <span class='ocrx_word' id='word_1_163' title='bbox 1762 3903 2119 3962; x_wconf 84' lang='lat' dir='ltr'><strong>betrcffende</strong></span> 
     </span>
    </p>
   </div>
   <div class='ocr_carea' id='block_1_6' title="bbox 99 3996 1327 4169">
    <p class='ocr_par' dir='ltr' id='par_1_7' title="bbox 99 3996 1327 4169">
     <span class='ocr_line' id='line_1_24' title="bbox 99 3996 588 4074; baseline -0.01 -17"><span class='ocrx_word' id='word_1_164' title='bbox 99 4009 205 4057; x_wconf 85' lang='lat' dir='ltr'><strong>etc.</strong></span> <span class='ocrx_word' id='word_1_165' title='bbox 259 3997 401 4074; x_wconf 86' lang='lat' dir='ltr'><strong>etc.)</strong></span> <span class='ocrx_word' id='word_1_166' title='bbox 454 4018 500 4054; x_wconf 78' lang='lat' dir='ltr'><strong>s,</strong></span> <span class='ocrx_word' id='word_1_167' title='bbox 549 3996 588 4053; x_wconf 93' lang='lat' dir='ltr'><strong>l.</strong></span> 
     </span>
     <span class='ocr_line' id='line_1_25' title="bbox 215 4086 1327 4169; baseline -0.005 -20"><span class='ocrx_word' id='word_1_168' title='bbox 215 4092 310 4169; x_wconf 83' lang='lat'><strong>(2)</strong></span> <span class='ocrx_word' id='word_1_169' title='bbox 374 4089 462 4146; x_wconf 81' lang='lat' dir='ltr'><strong>Cf.</strong></span> <span class='ocrx_word' id='word_1_170' title='bbox 511 4097 617 4145; x_wconf 83' lang='lat' dir='ltr'><strong>art.</strong></span> <span class='ocrx_word' id='word_1_171' title='bbox 669 4090 745 4144; x_wconf 83' lang='lat'><strong>63</strong></span> <span class='ocrx_word' id='word_1_172' title='bbox 797 4088 923 4146; x_wconf 85' lang='lat' dir='ltr'><strong>sub.</strong></span> <span class='ocrx_word' id='word_1_173' title='bbox 976 4086 1043 4143; x_wconf 84' lang='lat'><strong>20</strong></span> <span class='ocrx_word' id='word_1_174' title='bbox 1093 4086 1327 4144; x_wconf 86' lang='lat' dir='ltr'><strong>ibidem.</strong></span> 
     </span>
    </p>
   </div>
   <div class='ocr_carea' id='block_1_7' title="bbox 1583 4191 1631 4259">
    <p class='ocr_par' dir='ltr' id='par_1_8' title="bbox 1583 4191 1631 4259">
     <span class='ocr_line' id='line_1_26' title="bbox 1583 4191 1631 4259; baseline 0 0"><span class='ocrx_word' id='word_1_175' title='bbox 1583 4191 1631 4259; x_wconf 82' lang='lat'>4</span> 
     </span>
    </p>
   </div>
  </div>
 </body>
</html>
