2934 5102
1670 652 1818 725 100

732 874 813 931 ut
884 873 1316 952 statuamus,
1390 863 1598 932 etiam
1673 861 1808 932 hoc
1880 842 2182 932 articulo
2253 860 2497 933 eadem
2579 862 2723 932 haec

730 986 1066 1079 intelligi,
1153 989 1224 1056 in
1308 987 1566 1080 quihus
1639 988 1864 1056 minor
1933 988 2146 1079 igitur
2194 988 2494 1079 exigitur
2539 1011 2722 1075 cura,

728 1136 947 1205 quare
1017 1114 1243 1181 minor
1314 1113 1732 1205 negligentia
1807 1114 1878 1181 in
1954 1114 2198 1183 ceteris
2279 1114 2722 1181 instrumentis

728 1236 1197 1306 custodiendis
1270 1236 1843 1330 Hypothecarum
1915 1236 2290 1307 Custodem
2363 1237 2564 1307 faciet
2627 1236 2723 1303 de·

728 1360 1204 1454 linquentem,
1304 1385 1516 1455 quam
1617 1364 1687 1431 in
1783 1362 2020 1448 hisce3
2093 1364 2377 1455 insuper
2449 1361 2723 1430 diversae

725 1496 1015 1554 naturae
1098 1496 1263 1555 sunt
1344 1488 1801 1556 instrumenta
1883 1511 2064 1581 quae
2137 1486 2444 1557 custodit
2517 1486 2722 1581 Hypo-

724 1608 1087 1679 thecarum
1162 1609 1455 1699 CustOS‚
1529 1611 1718 1704 quod
1791 1610 2128 1680 nonnulla
2203 1635 2262 1681 e.
2339 1637 2405 1703 g.
2465 1612 2721 1703 registra

726 1746 859 1805 etc.
908 1758 1088 1828 quae
1138 1733 1459 1804 habenda
1506 1758 1652 1805 esse
1687 1733 1798 1803 lex
1840 1734 2097 1827 jubet,
2142 1738 2358 1829 ipsius
2393 1747 2554 1805 sunt
2587 1736 2719 1805 civi·

726 1860 885 1928 tatis
948 1858 1327 1927 dominium
1356 1911 1377 1947 ,
1450 1882 1752 1952 quorum
1813 1862 2049 1929 civitas
2116 1862 2261 1954 ipsa
2333 1860 2718 1955 depositaria

720 1982 863 2052 dici
904 1985 1174 2077 nequit.
1276 1983 1748 2053 Instrumenta
1797 1986 2065 2079 effecten
2115 2010 2244 2055 aan
2293 1986 2558 2056 toonder
2599 1986 2720 2054 dic·

724 2120 795 2176 ta
825 2160 845 2196 ,
922 2119 1001 2175 ut
1058 2130 1300 2176 secure
1371 2106 1854 2177 custodiantur
1926 2110 2218 2178 civitatis
2276 2109 2720 2203 depositariae

723 2233 919 2325 quasi
946 2230 1359 2323 cujusdam,
1414 2255 1624 2301 curae
1673 2231 2142 2320 mandantur3
2185 2236 2347 2325 jure
2372 2235 2719 2303 voluerunt

720 2355 1045 2425 nonnulli
1095 2353 1263 2423 ord.
1321 2351 1577 2425 Gener.
1641 2369 1721 2425 ut
1778 2380 1907 2450 pro
1957 2357 2301 2428 vocabulo
2377 2360 2716 2429 «stukken»

720 2480 792 2548 in
864 2490 1025 2549 artt.
1100 2502 1156 2549 s,
1232 2478 1281 2547 l.
1360 2478 1712 2572 legeretur
1788 2506 1819 2549 «
1849 2482 2116 2577 effeclen
2189 2507 2320 2554 acm
2395 2484 2718 2556 wonder».

866 2605 1327 2698 Praeceptum
1394 2607 1464 2673 in
1543 2608 1680 2674 art⁰
1755 2604 1849 2674 12
1925 2609 2203 2678 omnino
2272 2610 2570 2702 speciale
2619 2608 2719 2677 ha·

720 2729 1032 2800 bendum
1106 2740 1255 2818 est,
1335 2730 1527 2822 quod
1603 2730 1786 2800 solos
1858 2730 2434 2825 Hypothecarum
2507 2735 2723 2804 Custo-

716 2854 841 2924 des
889 2855 1241 2948 respiciat3
1291 2855 1346 2924 si
1398 2853 1720 2947 generale
1768 2854 2174 2925 habendum
2223 2870 2447 2948 esset,
2498 2859 2720 2928 nonin

716 2979 851 3048 hac
902 2979 1055 3070 lege
1098 2978 1378 3071 speciali
1426 2978 1515 3048 de
1563 2978 1865 3073 quadam
1915 2981 2244 3072 singulari
2281 2981 2719 3075 depositione,

716 3101 845 3172 sed
892 3103 963 3170 in
1014 3101 1169 3194 lege
1219 3103 1567 3194 generali,
1621 3103 1745 3173 ubi
1795 3116 2028 3174 tamen
2077 3105 2334 3176 frustra
2374 3108 2514 3178 tale
2545 3119 2721 3203 prae*-

716 3240 1001 3322 ceptum
1036 3229 1427 3322 quaeritur,
1465 3231 1752 3298 inveniri
1798 3229 2184 3317 debuisset3
2219 3256 2438 3326 quare
2474 3232 2720 3326 legisla-

718 3365 828 3422 tor
854 3354 1287 3423 constituerit
1311 3353 1649 3423 minorem
1695 3355 1765 3422 in
1815 3378 1894 3424 ea
1933 3355 2362 3449 depositione
2389 3371 2722 3452 praestan·

714 3478 878 3548 dam
929 3501 1075 3548 esse
1119 3503 1357 3548 curam
1386 3532 1405 3568 ‚
1481 3503 1692 3572 quam
1759 3483 1831 3548 in
1895 3484 2140 3552 ceteris
2187 3484 2513 3556 omnibus
2560 3508 2721 3580 quae

714 3603 906 3696 apud
974 3601 1423 3696 depositarios
1498 3602 1822 3696 publicos
1891 3629 1972 3674 ex
2049 3609 2198 3697 ejus
2263 3610 2474 3699 jussu
2536 3609 2722 3704 perfi-

716 3728 1040 3815 ciuntur,
1122 3727 1297 3797 ratio
1367 3725 1613 3796 idonea
1693 3727 1871 3798 tradi
1941 3732 2230 3823 nequit3
2302 3744 2572 3804 tutores
2665 3746 2723 3804 et

715 3863 1067 3921 curatores
1160 3875 1324 3920 vero
1422 3875 1562 3921 non
1658 3866 2008 3946 coguntur
2108 3855 2458 3949 deponere
2549 3858 2722 3955 apud

711 3975 903 4046 hunc
976 3975 1454 4066 magistratum
1485 4030 1504 4066 ‚
1587 3978 1776 4072 quod
1852 3982 1982 4074 ipsi
2054 3982 2406 4053 custodire
2478 3988 2724 4079 potuis-

711 4113 865 4170 sent
938 4101 1007 4168 in
1083 4102 1370 4191 gratiam
1448 4103 1727 4174 minoris
1776 4116 1900 4173 aut
1950 4127 2160 4176 curae
2209 4106 2566 4202 subjecti,
2616 4109 2725 4180 sed
