2934 5102
1652 612 1747 686 52

687 849 894 914 rum,
968 823 1058 894 cf.
1119 835 1246 893 art.
1310 820 1454 892 659
1514 822 1591 892 C.
1642 821 1731 891 de
1778 821 1994 892 meth.
2045 845 2239 916 proc.
2298 823 2371 891 in
2442 822 2522 892 C..
2598 822 2678 893 C.
2708 877 2731 914 ‚

690 962 761 1020 et
843 947 1176 1019 Praesidis
1259 947 1627 1018 tribunalis
1654 1000 1673 1036 ‚
1758 946 1848 1017 cf.
1934 927 2065 1016 art.
2149 943 2297 1016 296
2382 946 2463 1016 C.
2538 971 2597 1016 s,
2678 947 2733 1014 l.

687 1097 893 1168 porro
943 1097 1022 1142 ea
1072 1097 1156 1142 ex
1215 1071 1475 1166 quibus
1524 1071 1885 1140 attributio
1938 1070 2351 1163 judiciaria,
2414 1083 2489 1140 et
2552 1070 2733 1140 ordo

687 1199 992 1269 cernitur
1013 1249 1034 1287 ,
1094 1197 1362 1291 quoties
1421 1194 1723 1266 venditio
1794 1195 2031 1266 locum
2103 1195 2434 1266 habuerit
2495 1197 2569 1264 in
2630 1193 2735 1264 fa-

685 1345 922 1392 vorem
995 1321 1465 1406 creditorum3
1540 1319 1630 1390 cf.
1706 1332 1837 1388 art.
1910 1317 2055 1388 552
2151 1319 2228 1390 C.
2326 1319 2418 1389 de
2504 1319 2732 1390 meth.

687 1469 881 1540 proc.
953 1447 1023 1515 in
1095 1444 1170 1514 C.
1244 1443 1319 1514 C.
1388 1446 1669 1538 insuper
1728 1467 1808 1512 ea
1875 1444 2135 1537 quibus
2208 1456 2362 1514 acta
2434 1445 2733 1514 societa-

691 1574 778 1640 tis
846 1569 1310 1662 vennootschap
1383 1568 1585 1639 ander
1650 1591 1801 1638 eene
1872 1566 2069 1660 firma
2138 1567 2371 1638 dictae
2394 1620 2417 1658 ,
2492 1568 2737 1637 inscri-

691 1694 962 1764 buntur
1033 1693 1121 1763 ef.
1198 1705 1326 1762 art.
1401 1689 1501 1763 25
1573 1691 1649 1761 C.
1722 1691 1812 1760 M.

834 1818 1057 1888 Adest
1123 1841 1406 1912 quoque
1455 1817 1827 1908 registrum
1874 1817 1945 1884 in
1992 1839 2137 1910 quo
2186 1815 2569 1887 adnotatur
2612 1816 2736 1887 de-

695 1945 1099 2014 trimentum
1171 1940 1364 2034 quod
1435 1942 1725 2010 societas
1774 1941 1980 2033 cepit.
2034 1938 2124 2010 cf.
2177 1953 2307 2010 art.
2358 1939 2458 2010 47
2509 1942 2587 2012 C.
2634 1941 2733 2013 M.

831 2067 1106 2136 Publici
1176 2066 1534 2134 ministerii
1612 2064 2089 2134 conclusiones
2162 2065 2447 2160 speciali
2522 2067 2737 2159 regis·

693 2205 801 2262 tro
895 2169 1393 2262 inscribuntur.
1542 2188 1667 2258 Est
1746 2190 2143 2282 registrum.
2239 2213 2385 2285 quo
2495 2193 2736 2261 inscri-

692 2316 962 2386 buntur
1055 2326 1210 2384 acta
1301 2313 1390 2383 de
1482 2313 1889 2407 recipiendis
1962 2315 2355 2408 repertoriis
2428 2315 2522 2384 cf.
2601 2327 2738 2384 art.

691 2439 792 2511 49
885 2421 1113 2533 Legis
1180 2435 1373 2508 1842
1457 2438 1548 2508 de
1636 2463 1828 2508 mun.
1903 2440 2069 2509 Tab.
2220 2417 2590 2512 Invenitur
2662 2444 2738 2511 in

693 2569 1246 2660 uniuscujusque
1383 2563 1774 2635 Tribunalis
1904 2566 2139 2636 archio
2164 2615 2185 2656 ,
2320 2564 2737 2660 >registrum

693 2693 886 2789 quod
932 2692 1140 2785 Regis
1205 2689 1644 2762 decretorum
1706 2691 2017 2761 continet
2086 2691 2485 2786 apographa
2512 2744 2532 2781 ‚
2582 2694 2738 2786 qui-

693 2818 829 2888 bus
921 2816 1214 2887 decretis
1308 2815 1641 2885 nominati
1714 2827 1879 2885 sunt
1950 2818 2399 2908 magistratus
2472 2817 2739 2911 quibus

693 2942 1105 3037 permissum
1195 2950 1300 3008 est
1378 2937 1876 3031 jusjurandum
1947 2963 2077 3033 pro
2148 2940 2287 3010 illis
2362 2940 2579 3030 dare-3
2654 2943 2740 3011 iis

692 3066 994 3159 registris
1065 3062 1272 3133 simul
1345 3074 1501 3133 acta
1572 3062 1663 3133 de
1726 3063 2186 3156 jurejurando
2248 3068 2585 3158 praestito
2634 3068 2741 3136 in-

693 3191 1096 3263 scribuntur
1120 3242 1141 3279 ‚
1217 3188 1308 3259 cf.
1383 3200 1514 3257 art.
1588 3186 1635 3257 5
1708 3188 1906 3281 Legis
1980 3188 2467 3288 (Reglement)
2541 3216 2599 3260 S.
2678 3191 2731 3260 l.

841 3316 1105 3388 Eodem
1200 3313 1410 3384 modo
1494 3312 1798 3383 habetur
1860 3316 2231 3408 registrum
2305 3339 2451 3410 quo
2525 3316 2743 3387 aduo-

694 3456 936 3515 tantur
1029 3440 1492 3535 oppositiones
1584 3437 1808 3509 factae
1882 3452 2123 3511 contra
2185 3440 2541 3533 judicium
2615 3442 2743 3513 ab·

693 3582 889 3642 sente
958 3590 1076 3665 reo
1149 3566 1368 3634 latum
1400 3616 1419 3653 ,
1483 3563 1573 3634 cf.
1646 3576 1776 3633 art.
1854 3562 1951 3633 85
2009 3564 2085 3635 C.
2134 3564 2223 3636 de
2271 3566 2491 3636 meth.
2543 3590 2743 3661 proc.

693 3700 767 3767 in
839 3718 1025 3765 caus,
1099 3692 1226 3761 civ.
1361 3687 1610 3759 Omnia
1682 3688 1854 3758 haec
1920 3691 2207 3781 registra
2280 3686 2747 3785 Graphiarius

697 3818 1045 3906 custodit,
1127 3826 1197 3884 et
1264 3815 1493 3883 omnia
1564 3812 1857 3883 dicenda
1924 3826 2088 3883 sunt
2170 3817 2591 3907 pertinentia
2652 3816 2747 3885 ad

697 3948 927 4041 ipsum
996 3939 1349 4010 Tribunal.

845 4070 1046 4142 Nunc
1143 4064 1499 4136 videamus
1597 4088 1940 4158 quaenam
2052 4066 2188 4135 sint
2278 4067 2750 4138 instrumenta
